<?xml version="1.0" encoding="UTF-8"?>
<!DOCTYPE html PUBLIC "-//W3C//DTD XHTML 1.0 Transitional//EN"
    "http://www.w3.org/TR/xhtml1/DTD/xhtml1-transitional.dtd">
<html xmlns="http://www.w3.org/1999/xhtml" xml:lang="en" lang="en">
 <head>
  <title>
</title>
<meta http-equiv="Content-Type" content="text/html;charset=utf-8" />
  <meta name='ocr-system' content='tesseract 3.04.00' />
  <meta name='ocr-capabilities' content='ocr_page ocr_carea ocr_par ocr_line ocrx_word'/>
</head>
<body>
  <div class='ocr_page' id='page_1' title='image "./deleibnitiistud00jacogoog_0077.png"; bbox 0 0 2818 4160; ppageno 0'>
   <div class='ocr_carea' id='block_1_1' title="bbox 623 219 836 284">
    <p class='ocr_par' dir='ltr' id='par_1_1' title="bbox 623 219 836 284">
     <span class='ocr_line' id='line_1_1' title="bbox 623 219 836 284; baseline 0 -18"><span class='ocrx_word' id='word_1_1' title='bbox 623 219 836 284; x_wconf 72' lang='lat'><strong>,70-</strong></span> 
     </span>
    </p>
   </div>
   <div class='ocr_carea' id='block_1_2' title="bbox 142 387 1247 2151">
    <p class='ocr_par' dir='ltr' id='par_1_2' title="bbox 216 387 1247 814">
     <span class='ocr_line' id='line_1_2' title="bbox 301 387 1245 478; baseline -0.003 -22"><span class='ocrx_word' id='word_1_2' title='bbox 301 389 445 456; x_wconf 88' lang='lat' dir='ltr'><strong>Primam</strong></span> <span class='ocrx_word' id='word_1_3' title='bbox 469 400 577 454; x_wconf 88' lang='lat' dir='ltr'><strong>autem</strong></span> <span class='ocrx_word' id='word_1_4' title='bbox 600 399 632 454; x_wconf 88' lang='lat' dir='ltr'><strong>et</strong></span> <span class='ocrx_word' id='word_1_5' title='bbox 655 389 880 474; x_wconf 85' lang='lat' dir='ltr'><strong>gravissimam</strong></span> <span class='ocrx_word' id='word_1_6' title='bbox 900 387 1038 476; x_wconf 84' lang='lat' dir='ltr'><strong>figuram</strong></span> <span class='ocrx_word' id='word_1_7' title='bbox 1061 389 1110 472; x_wconf 81' lang='grc' dir='ltr'><strong>(τὸ</strong></span> <span class='ocrx_word' id='word_1_8' title='bbox 1132 393 1245 478; x_wconf 75' lang='grc' dir='ltr'><em>σχῆμα</em></span> 
     </span>
     <span class='ocr_line' id='line_1_3' title="bbox 216 499 1243 590; baseline -0.003 -22"><span class='ocrx_word' id='word_1_9' title='bbox 216 504 354 590; x_wconf 80' lang='grc' dir='ltr'><em>πρῶτον)</em></span> <span class='ocrx_word' id='word_1_10' title='bbox 377 501 422 566; x_wconf 85' lang='lat' dir='ltr'><strong>ita</strong></span> <span class='ocrx_word' id='word_1_11' title='bbox 443 501 510 566; x_wconf 84' lang='lat' dir='ltr'><strong>fere</strong></span> <span class='ocrx_word' id='word_1_12' title='bbox 533 499 686 565; x_wconf 78' lang='lat' dir='ltr'><strong>describit</strong></span> <span class='ocrx_word' id='word_1_13' title='bbox 717 501 745 565; x_wconf 82' lang='grc' dir='ltr'><strong>εἲ</strong></span> <span class='ocrx_word' id='word_1_14' title='bbox 766 525 800 565; x_wconf 89' lang='grc' dir='ltr'><strong>το</strong></span> <span class='ocrx_word' id='word_1_15' title='bbox 824 502 849 565; x_wconf 86' lang='grc' dir='ltr'><em>Α</em></span> <span class='ocrx_word' id='word_1_16' title='bbox 870 503 948 564; x_wconf 82' lang='grc' dir='ltr'><em>κατὰ</em></span> <span class='ocrx_word' id='word_1_17' title='bbox 975 502 1090 570; x_wconf 85' lang='grc' dir='ltr'><em>παντὸς</em></span> <span class='ocrx_word' id='word_1_18' title='bbox 1117 503 1171 564; x_wconf 83' lang='grc' dir='ltr'><strong>τοῦ</strong></span> <span class='ocrx_word' id='word_1_19' title='bbox 1203 501 1243 584; x_wconf 84' lang='lat' dir='ltr'><strong>B,</strong></span> 
     </span>
     <span class='ocr_line' id='line_1_4' title="bbox 216 611 1247 701; baseline -0.002 -23"><span class='ocrx_word' id='word_1_20' title='bbox 216 617 265 678; x_wconf 79' lang='grc' dir='ltr'><strong>καί</strong></span> <span class='ocrx_word' id='word_1_21' title='bbox 286 617 321 678; x_wconf 81' lang='grc' dir='ltr'><strong>τὸ</strong></span> <span class='ocrx_word' id='word_1_22' title='bbox 343 615 372 678; x_wconf 86' lang='grc' dir='ltr'><em>Β</em></span> <span class='ocrx_word' id='word_1_23' title='bbox 393 615 470 677; x_wconf 87' lang='grc' dir='ltr'><em>κατὰ</em></span> <span class='ocrx_word' id='word_1_24' title='bbox 491 614 608 683; x_wconf 78' lang='grc' dir='ltr'><em>παντὸς</em></span> <span class='ocrx_word' id='word_1_25' title='bbox 627 615 682 677; x_wconf 78' lang='grc' dir='ltr'><strong>τοῦ</strong></span> <span class='ocrx_word' id='word_1_26' title='bbox 705 611 745 686; x_wconf 87' lang='grc' dir='ltr'><strong>Γ,</strong></span> <span class='ocrx_word' id='word_1_27' title='bbox 774 613 891 701; x_wconf 72' lang='grc' dir='ltr'><em>ἀνάγκη</em></span> <span class='ocrx_word' id='word_1_28' title='bbox 921 614 955 676; x_wconf 85' lang='grc' dir='ltr'><strong>τὸ</strong></span> <span class='ocrx_word' id='word_1_29' title='bbox 977 613 1004 676; x_wconf 81' lang='grc' dir='ltr'><em>Α</em></span> <span class='ocrx_word' id='word_1_30' title='bbox 1024 613 1102 676; x_wconf 87' lang='grc' dir='ltr'><em>κατὰ</em></span> <span class='ocrx_word' id='word_1_31' title='bbox 1124 614 1247 684; x_wconf 84' lang='grc' dir='ltr'><em>παντὸς</em></span> 
     </span>
     <span class='ocr_line' id='line_1_5' title="bbox 216 721 1183 814; baseline -0.002 -24"><span class='ocrx_word' id='word_1_32' title='bbox 216 730 269 790; x_wconf 86' lang='grc' dir='ltr'><strong>τὀῦ</strong></span> <span class='ocrx_word' id='word_1_33' title='bbox 291 725 323 791; x_wconf 84' lang='grc' dir='ltr'><em>Γ</em></span> <span class='ocrx_word' id='word_1_34' title='bbox 339 721 580 814; x_wconf 61' lang='grc' dir='ltr'><em>κατηγορεῖσθαι</em></span> <span class='ocrx_word' id='word_1_35' title='bbox 603 723 636 808; x_wconf 92' lang='lat' dir='ltr'><strong>(i.</strong></span> <span class='ocrx_word' id='word_1_36' title='bbox 658 745 685 790; x_wconf 85' lang='lat' dir='ltr'><strong>e.</strong></span> <span class='ocrx_word' id='word_1_37' title='bbox 708 723 904 812; x_wconf 84' lang='lat' dir='ltr'><strong>praedicari)</strong></span> <span class='ocrx_word' id='word_1_38' title='bbox 927 723 1009 790; x_wconf 88' lang='lat' dir='ltr'><strong>anal.</strong></span> <span class='ocrx_word' id='word_1_39' title='bbox 1033 746 1080 811; x_wconf 90' lang='lat' dir='ltr'><strong>pr.</strong></span> <span class='ocrx_word' id='word_1_40' title='bbox 1104 723 1132 806; x_wconf 93' lang='lat' dir='ltr'><strong>I,</strong></span> <span class='ocrx_word' id='word_1_41' title='bbox 1154 723 1183 788; x_wconf 85' lang='lat'><strong>4.</strong></span> 
     </span>
    </p>

    <p class='ocr_par' dir='ltr' id='par_1_3' title="bbox 142 833 1242 2151">
     <span class='ocr_line' id='line_1_6' title="bbox 299 833 1241 922; baseline -0.002 -20"><span class='ocrx_word' id='word_1_42' title='bbox 299 836 376 903; x_wconf 82' lang='lat' dir='ltr'><strong>Jsm</strong></span> <span class='ocrx_word' id='word_1_43' title='bbox 399 833 439 900; x_wconf 92' lang='lat' dir='ltr'><strong>de</strong></span> <span class='ocrx_word' id='word_1_44' title='bbox 460 833 617 916; x_wconf 84' lang='lat' dir='ltr'><strong>identicis,</strong></span> <span class='ocrx_word' id='word_1_45' title='bbox 640 857 740 922; x_wconf 89' lang='lat' dir='ltr'><strong>quum</strong></span> <span class='ocrx_word' id='word_1_46' title='bbox 763 834 898 899; x_wconf 79' lang='lat' dir='ltr'><strong>disserat</strong></span> <span class='ocrx_word' id='word_1_47' title='bbox 919 833 1110 916; x_wconf 88' lang='lat' dir='ltr'><strong>Leibuitius,</strong></span> <span class='ocrx_word' id='word_1_48' title='bbox 1134 841 1148 914; x_wconf 93' lang='lat'>(</span> <span class='ocrx_word' id='word_1_49' title='bbox 1172 833 1241 901; x_wconf 76' lang='lat' dir='ltr'><strong>.I¹l.</strong></span> 
     </span>
     <span class='ocr_line' id='line_1_7' title="bbox 215 944 1242 1033; baseline -0.001 -21"><span class='ocrx_word' id='word_1_50' title='bbox 215 947 292 1028; x_wconf 84' lang='lat' dir='ltr'>1V.,</span> <span class='ocrx_word' id='word_1_51' title='bbox 315 947 346 1011; x_wconf 78' lang='lat'><strong>2.</strong></span> <span class='ocrx_word' id='word_1_52' title='bbox 362 971 393 1033; x_wconf 91' lang='lat' dir='ltr'><strong>p.</strong></span> <span class='ocrx_word' id='word_1_53' title='bbox 417 945 480 1011; x_wconf 84' lang='lat'><strong>339</strong></span> <span class='ocrx_word' id='word_1_54' title='bbox 496 948 537 1029; x_wconf 85' lang='lat' dir='ltr'><strong>a.)</strong></span> <span class='ocrx_word' id='word_1_55' title='bbox 560 945 720 1033; x_wconf 90' lang='lat' dir='ltr'><strong>principio</strong></span> <span class='ocrx_word' id='word_1_56' title='bbox 744 946 1007 1011; x_wconf 80' lang='lat' dir='ltr'><strong>contradictionis</strong></span> <span class='ocrx_word' id='word_1_57' title='bbox 1029 945 1135 1011; x_wconf 90' lang='lat' dir='ltr'><strong>inesse</strong></span> <span class='ocrx_word' id='word_1_58' title='bbox 1158 944 1242 1011; x_wconf 87' lang='lat' dir='ltr'><strong>dicit</strong></span> 
     </span>
     <span class='ocr_line' id='line_1_8' title="bbox 215 1057 1240 1125; baseline 0 -1"><span class='ocrx_word' id='word_1_59' title='bbox 215 1059 466 1124; x_wconf 83' lang='lat' dir='ltr'><strong>enuntiationem</strong></span> <span class='ocrx_word' id='word_1_60' title='bbox 487 1057 586 1122; x_wconf 88' lang='lat' dir='ltr'><strong>hanc:</strong></span> <span class='ocrx_word' id='word_1_61' title='bbox 608 1058 692 1124; x_wconf 90' lang='lat' dir='ltr'><strong>inter</strong></span> <span class='ocrx_word' id='word_1_62' title='bbox 713 1081 826 1125; x_wconf 86' lang='lat' dir='ltr'><strong>verum</strong></span> <span class='ocrx_word' id='word_1_63' title='bbox 856 1069 889 1125; x_wconf 89' lang='lat' dir='ltr'><strong>et</strong></span> <span class='ocrx_word' id='word_1_64' title='bbox 917 1059 1034 1124; x_wconf 83' lang='lat' dir='ltr'><strong>falsum</strong></span> <span class='ocrx_word' id='word_1_65' title='bbox 1062 1057 1151 1123; x_wconf 89' lang='lat' dir='ltr'><strong>haud</strong></span> <span class='ocrx_word' id='word_1_66' title='bbox 1186 1069 1240 1124; x_wconf 83' lang='lat' dir='ltr'><strong>est</strong></span> 
     </span>
     <span class='ocr_line' id='line_1_9' title="bbox 215 1169 1239 1258; baseline 0.002 -24"><span class='ocrx_word' id='word_1_67' title='bbox 215 1170 366 1237; x_wconf 87' lang='lat' dir='ltr'><strong>medium.</strong></span> <span class='ocrx_word' id='word_1_68' title='bbox 403 1169 491 1236; x_wconf 87' lang='lat' dir='ltr'><strong>Jtem</strong></span> <span class='ocrx_word' id='word_1_69' title='bbox 508 1169 709 1254; x_wconf 81' lang='lat' dir='ltr'><strong>Aristoteles,</strong></span> <span class='ocrx_word' id='word_1_70' title='bbox 732 1169 818 1258; x_wconf 91' lang='lat' dir='ltr'><strong>quod</strong></span> <span class='ocrx_word' id='word_1_71' title='bbox 842 1169 1172 1236; x_wconf 82' lang='lat' dir='ltr'><strong>contradictorie</strong></span> <span class='ocrx_word' id='word_1_72' title='bbox 1193 1171 1239 1236; x_wconf 88' lang='lat' dir='ltr'><strong>sit</strong></span> 
     </span>
     <span class='ocr_line' id='line_1_10' title="bbox 214 1279 1238 1369; baseline 0.004 -25"><span class='ocrx_word' id='word_1_73' title='bbox 214 1281 398 1369; x_wconf 87' lang='lat' dir='ltr'><strong>oppositum</strong></span> <span class='ocrx_word' id='word_1_74' title='bbox 417 1279 495 1345; x_wconf 89' lang='lat' dir='ltr'><strong>nihil</strong></span> <span class='ocrx_word' id='word_1_75' title='bbox 510 1279 607 1346; x_wconf 90' lang='lat' dir='ltr'><strong>medii</strong></span> <span class='ocrx_word' id='word_1_76' title='bbox 622 1281 689 1368; x_wconf 86' lang='lat' dir='ltr'><strong>pati</strong></span> <span class='ocrx_word' id='word_1_77' title='bbox 704 1281 903 1347; x_wconf 84' lang='lat' dir='ltr'><strong>intercedere</strong></span> <span class='ocrx_word' id='word_1_78' title='bbox 919 1281 1007 1347; x_wconf 87' lang='lat' dir='ltr'><strong>velut</strong></span> <span class='ocrx_word' id='word_1_79' title='bbox 1022 1280 1238 1348; x_wconf 90' lang='lat' dir='ltr'><strong>omnishomo</strong></span> 
     </span>
     <span class='ocr_line' id='line_1_11' title="bbox 213 1391 1236 1480; baseline -0.002 -22"><span class='ocrx_word' id='word_1_80' title='bbox 213 1391 314 1476; x_wconf 86' lang='lat' dir='ltr'><strong>albus,</strong></span> <span class='ocrx_word' id='word_1_81' title='bbox 344 1415 409 1458; x_wconf 91' lang='lat' dir='ltr'><strong>nou</strong></span> <span class='ocrx_word' id='word_1_82' title='bbox 440 1392 543 1456; x_wconf 89' lang='lat' dir='ltr'><strong>omnis</strong></span> <span class='ocrx_word' id='word_1_83' title='bbox 573 1391 668 1456; x_wconf 92' lang='lat' dir='ltr'><strong>homo</strong></span> <span class='ocrx_word' id='word_1_84' title='bbox 698 1391 800 1475; x_wconf 76' lang='lat' dir='ltr'><strong>albus,</strong></span> <span class='ocrx_word' id='word_1_85' title='bbox 827 1392 942 1478; x_wconf 80' lang='lat' dir='ltr'><strong>analyt</strong></span> <span class='ocrx_word' id='word_1_86' title='bbox 965 1392 1135 1480; x_wconf 82' lang='lat' dir='ltr'><strong>posterior.</strong></span> <span class='ocrx_word' id='word_1_87' title='bbox 1159 1393 1236 1476; x_wconf 80' lang='lat'>1‚2.</span> 
     </span>
     <span class='ocr_line' id='line_1_12' title="bbox 142 1502 1239 1595; baseline -0.001 -26"><span class='ocrx_word' id='word_1_88' title='bbox 142 1552 144 1557; x_wconf 61' lang='lat'><em>.</em></span> <span class='ocrx_word' id='word_1_89' title='bbox 214 1505 377 1593; x_wconf 84' lang='grc' dir='ltr'><em>ἀντίφασις</em></span> <span class='ocrx_word' id='word_1_90' title='bbox 405 1505 442 1568; x_wconf 82' lang='grc' dir='ltr'><strong>δὲ</strong></span> <span class='ocrx_word' id='word_1_91' title='bbox 467 1502 624 1576; x_wconf 72' lang='grc' dir='ltr'><em>ἀντίθεσις</em></span> <span class='ocrx_word' id='word_1_92' title='bbox 649 1504 849 1592; x_wconf 84' lang='lat' dir='ltr'><strong>(oppositio)</strong></span> <span class='ocrx_word' id='word_1_93' title='bbox 877 1505 917 1595; x_wconf 76' lang='grc' dir='ltr'><strong>ἧς</strong></span> <span class='ocrx_word' id='word_1_94' title='bbox 942 1505 1001 1570; x_wconf 75' lang='grc' dir='ltr'><strong>οὐκ</strong></span> <span class='ocrx_word' id='word_1_95' title='bbox 1025 1504 1089 1570; x_wconf 81' lang='grc' dir='ltr'><em>ἔστι</em></span> <span class='ocrx_word' id='word_1_96' title='bbox 1115 1505 1239 1591; x_wconf 74' lang='grc' dir='ltr'><em>μεταξὺ</em></span> 
     </span>
     <span class='ocr_line' id='line_1_13' title="bbox 214 1615 1236 1706; baseline 0 -26"><span class='ocrx_word' id='word_1_97' title='bbox 214 1615 288 1680; x_wconf 91' lang='grc' dir='ltr'><em>καθ’</em></span> <span class='ocrx_word' id='word_1_98' title='bbox 311 1617 415 1706; x_wconf 77' lang='grc' dir='ltr'><em>αὑτήν.</em></span> <span class='ocrx_word' id='word_1_99' title='bbox 440 1615 480 1681; x_wconf 90' lang='lat' dir='ltr'><strong>de</strong></span> <span class='ocrx_word' id='word_1_100' title='bbox 500 1617 699 1704; x_wconf 87' lang='lat' dir='ltr'><strong>interpretat.</strong></span> <span class='ocrx_word' id='word_1_101' title='bbox 716 1615 752 1682; x_wconf 82' lang='lat' dir='ltr'><strong>O.</strong></span> <span class='ocrx_word' id='word_1_102' title='bbox 766 1617 795 1684; x_wconf 78' lang='grc' dir='ltr'><strong>ί.</strong></span> <span class='ocrx_word' id='word_1_103' title='bbox 820 1616 1009 1681; x_wconf 72' lang='grc' dir='ltr'><em>ἀντικεῖσθαι</em></span> <span class='ocrx_word' id='word_1_104' title='bbox 1028 1617 1086 1703; x_wconf 81' lang='grc' dir='ltr'><strong>μὲν</strong></span> <span class='ocrx_word' id='word_1_105' title='bbox 1109 1615 1164 1682; x_wconf 80' lang='grc' dir='ltr'><strong>οὖν</strong></span> <span class='ocrx_word' id='word_1_106' title='bbox 1183 1639 1236 1680; x_wconf 92' lang='grc' dir='ltr'><strong>κα-</strong></span> 
     </span>
     <span class='ocr_line' id='line_1_14' title="bbox 216 1726 1235 1816; baseline 0.002 -26"><span class='ocrx_word' id='word_1_107' title='bbox 216 1729 350 1814; x_wconf 80' lang='grc' dir='ltr'><em>τάφασιν</em></span> <span class='ocrx_word' id='word_1_108' title='bbox 373 1726 647 1807; x_wconf 86' lang='lat' dir='ltr'><strong>(affirmationem)</strong></span> <span class='ocrx_word' id='word_1_109' title='bbox 671 1729 831 1815; x_wconf 79' lang='grc' dir='ltr'><em>ἀποφάσει</em></span> <span class='ocrx_word' id='word_1_110' title='bbox 853 1727 1045 1816; x_wconf 83' lang='lat' dir='ltr'><strong>(negationi)</strong></span> <span class='ocrx_word' id='word_1_111' title='bbox 1067 1729 1148 1812; x_wconf 74' lang='grc' dir='ltr'><strong>λέγω</strong></span> <span class='ocrx_word' id='word_1_112' title='bbox 1173 1729 1235 1792; x_wconf 91' lang='grc' dir='ltr'><strong>ἀν-</strong></span> 
     </span>
     <span class='ocr_line' id='line_1_15' title="bbox 213 1836 1237 1928; baseline 0.002 -26"><span class='ocrx_word' id='word_1_113' title='bbox 213 1843 429 1925; x_wconf 75' lang='grc' dir='ltr'><em>τιφατικῶς</em></span> <span class='ocrx_word' id='word_1_114' title='bbox 455 1841 509 1928; x_wconf 66' lang='grc' dir='ltr'><strong>τὴν</strong></span> <span class='ocrx_word' id='word_1_115' title='bbox 539 1839 574 1902; x_wconf 85' lang='grc' dir='ltr'><strong>τὸ</strong></span> <span class='ocrx_word' id='word_1_116' title='bbox 602 1836 738 1904; x_wconf 80' lang='grc' dir='ltr'><em>καθόλου</em></span> <span class='ocrx_word' id='word_1_117' title='bbox 768 1841 981 1928; x_wconf 62' lang='grc' dir='ltr'><em>σημαίνουσαν</em></span> <span class='ocrx_word' id='word_1_118' title='bbox 1011 1847 1059 1926; x_wconf 73' lang='grc' dir='ltr'><strong>τῷ</strong></span> <span class='ocrx_word' id='word_1_119' title='bbox 1080 1840 1167 1926; x_wconf 76' lang='grc' dir='ltr'><em>αὐτῷ</em></span> <span class='ocrx_word' id='word_1_120' title='bbox 1188 1841 1237 1904; x_wconf 86' lang='grc' dir='ltr'><strong>ὅτι</strong></span> 
     </span>
     <span class='ocr_line' id='line_1_16' title="bbox 212 1947 1235 2038; baseline -0.002 -24"><span class='ocrx_word' id='word_1_121' title='bbox 212 1949 249 2014; x_wconf 82' lang='grc' dir='ltr'><strong>οὐ</strong></span> <span class='ocrx_word' id='word_1_122' title='bbox 272 1947 407 2014; x_wconf 77' lang='grc' dir='ltr'><em>καθόλου</em></span> <span class='ocrx_word' id='word_1_123' title='bbox 431 1951 495 2014; x_wconf 84' lang='grc' dir='ltr'><em>οἷον</em></span> <span class='ocrx_word' id='word_1_124' title='bbox 518 1955 579 2023; x_wconf 82' lang='grc' dir='ltr'><strong>πᾶς</strong></span> <span class='ocrx_word' id='word_1_125' title='bbox 599 1948 770 2038; x_wconf 80' lang='grc' dir='ltr'><em>ἅνθρωπος</em></span> <span class='ocrx_word' id='word_1_126' title='bbox 791 1953 901 2023; x_wconf 83' lang='grc' dir='ltr'><em>λευκὸς</em></span> <span class='ocrx_word' id='word_1_127' title='bbox 915 1989 957 2000; x_wconf 91' lang='lat'><strong>-·</strong></span> <span class='ocrx_word' id='word_1_128' title='bbox 972 1951 1008 2016; x_wconf 86' lang='grc' dir='ltr'><strong>ον’</strong></span> <span class='ocrx_word' id='word_1_129' title='bbox 1032 1957 1093 2023; x_wconf 85' lang='grc' dir='ltr'><strong>πᾶς</strong></span> <span class='ocrx_word' id='word_1_130' title='bbox 1111 1949 1235 2038; x_wconf 78' lang='grc' dir='ltr'><em>ἅνθρω-</em></span> 
     </span>
     <span class='ocr_line' id='line_1_17' title="bbox 214 2061 1236 2151; baseline 0.004 -27"><span class='ocrx_word' id='word_1_131' title='bbox 214 2083 273 2133; x_wconf 87' lang='grc' dir='ltr'><strong>πος</strong></span> <span class='ocrx_word' id='word_1_132' title='bbox 299 2061 410 2134; x_wconf 80' lang='grc' dir='ltr'><em>λευκὸς</em></span> <span class='ocrx_word' id='word_1_133' title='bbox 430 2110 438 2126; x_wconf 95' lang='grc'><strong>.</strong></span> <span class='ocrx_word' id='word_1_134' title='bbox 455 2111 462 2126; x_wconf 94' lang='grc'><strong>.</strong></span> <span class='ocrx_word' id='word_1_135' title='bbox 479 2111 511 2130; x_wconf 93' lang='grc'><strong>..</strong></span> <span class='ocrx_word' id='word_1_136' title='bbox 552 2063 593 2130; x_wconf 85' lang='lat' dir='ltr'><strong>cf.</strong></span> <span class='ocrx_word' id='word_1_137' title='bbox 622 2063 761 2151; x_wconf 88' lang='lat' dir='ltr'><strong>metaph.</strong></span> <span class='ocrx_word' id='word_1_138' title='bbox 801 2089 820 2130; x_wconf 93' lang='grc' dir='ltr'><strong>ι.</strong></span> <span class='ocrx_word' id='word_1_139' title='bbox 849 2088 881 2151; x_wconf 91' lang='lat' dir='ltr'><strong>p.</strong></span> <span class='ocrx_word' id='word_1_140' title='bbox 907 2063 978 2132; x_wconf 84' lang='lat'>201.</span> <span class='ocrx_word' id='word_1_141' title='bbox 1015 2062 1064 2128; x_wconf 89' lang='lat' dir='ltr'><strong>ed.</strong></span> <span class='ocrx_word' id='word_1_142' title='bbox 1086 2061 1236 2128; x_wconf 82' lang='lat' dir='ltr'><strong>Brendis.</strong></span> 
     </span>
    </p>
   </div>
   <div class='ocr_carea' id='block_1_3' title="bbox 212 2174 1365 2264">
    <p class='ocr_par' dir='ltr' id='par_1_4' title="bbox 212 2174 1365 2264">
     <span class='ocr_line' id='line_1_18' title="bbox 212 2174 1365 2264; baseline 0.001 -27"><span class='ocrx_word' id='word_1_143' title='bbox 212 2174 412 2261; x_wconf 77' lang='grc' dir='ltr'><em>ἀντιφάσεως</em></span> <span class='ocrx_word' id='word_1_144' title='bbox 433 2175 469 2239; x_wconf 78' lang='grc' dir='ltr'><strong>δὲ</strong></span> <span class='ocrx_word' id='word_1_145' title='bbox 488 2176 590 2264; x_wconf 77' lang='grc' dir='ltr'><em>μηθέν</em></span> <span class='ocrx_word' id='word_1_146' title='bbox 612 2175 678 2240; x_wconf 81' lang='grc' dir='ltr'><em>ἐστι</em></span> <span class='ocrx_word' id='word_1_147' title='bbox 696 2175 827 2261; x_wconf 78' lang='grc' dir='ltr'><em>μεταξύ,</em></span> <span class='ocrx_word' id='word_1_148' title='bbox 851 2179 914 2239; x_wconf 82' lang='grc' dir='ltr'><strong>τῶν</strong></span> <span class='ocrx_word' id='word_1_149' title='bbox 934 2175 971 2238; x_wconf 81' lang='grc' dir='ltr'><strong>δὲ</strong></span> <span class='ocrx_word' id='word_1_150' title='bbox 985 2174 1131 2238; x_wconf 79' lang='grc' dir='ltr'><em>ἐναντίων</em></span> <span class='ocrx_word' id='word_1_151' title='bbox 1146 2175 1234 2259; x_wconf 77' lang='lat' dir='ltr'><strong>(con</strong></span> <span class='ocrx_word' id='word_1_152' title='bbox 1364 2246 1365 2259; x_wconf 12' lang='grc' dir='ltr'>χ</span> 
     </span>
    </p>
   </div>
   <div class='ocr_carea' id='block_1_4' title="bbox 211 2284 1237 3040">
    <p class='ocr_par' dir='ltr' id='par_1_5' title="bbox 211 2284 1232 2576">
     <span class='ocr_line' id='line_1_19' title="bbox 212 2284 1230 2376; baseline 0 -27"><span class='ocrx_word' id='word_1_153' title='bbox 212 2285 398 2365; x_wconf 87' lang='lat' dir='ltr'><strong>trariornm)</strong></span> <span class='ocrx_word' id='word_1_154' title='bbox 430 2285 596 2376; x_wconf 75' lang='grc' dir='ltr'><em>ἐνδέχεται.</em></span> <span class='ocrx_word' id='word_1_155' title='bbox 647 2285 826 2351; x_wconf 86' lang='lat' dir='ltr'><strong>Leibnitius</strong></span> <span class='ocrx_word' id='word_1_156' title='bbox 856 2285 888 2350; x_wconf 93' lang='lat' dir='ltr'><strong>in</strong></span> <span class='ocrx_word' id='word_1_157' title='bbox 919 2284 1066 2351; x_wconf 76' lang='lat' dir='ltr'><strong>»definitz</strong></span> <span class='ocrx_word' id='word_1_158' title='bbox 1097 2285 1230 2372; x_wconf 80' lang='lat' dir='ltr'><strong>logicis«</strong></span> 
     </span>
     <span class='ocr_line' id='line_1_20' title="bbox 212 2391 1232 2484; baseline 0.004 -26"><span class='ocrx_word' id='word_1_159' title='bbox 212 2391 291 2461; x_wconf 78' lang='lat' dir='ltr'><strong>Nro.</strong></span> <span class='ocrx_word' id='word_1_160' title='bbox 306 2394 365 2462; x_wconf 89' lang='lat' dir='ltr'><strong>Vl.</strong></span> <span class='ocrx_word' id='word_1_161' title='bbox 387 2419 419 2483; x_wconf 92' lang='lat' dir='ltr'><strong>p.</strong></span> <span class='ocrx_word' id='word_1_162' title='bbox 438 2396 499 2460; x_wconf 89' lang='lat'><strong>100</strong></span> <span class='ocrx_word' id='word_1_163' title='bbox 517 2393 814 2460; x_wconf 75' lang='lat' dir='ltr'><strong>»contradictoriae</strong></span> <span class='ocrx_word' id='word_1_164' title='bbox 830 2448 837 2461; x_wconf 90' lang='lat'><strong>.</strong></span> <span class='ocrx_word' id='word_1_165' title='bbox 855 2446 885 2465; x_wconf 92' lang='lat'><strong>..</strong></span> <span class='ocrx_word' id='word_1_166' title='bbox 906 2419 971 2461; x_wconf 89' lang='lat' dir='ltr'><strong>nou</strong></span> <span class='ocrx_word' id='word_1_167' title='bbox 987 2408 1122 2484; x_wconf 83' lang='lat' dir='ltr'><strong>possunt</strong></span> <span class='ocrx_word' id='word_1_168' title='bbox 1137 2395 1232 2462; x_wconf 86' lang='lat' dir='ltr'><strong>simul</strong></span> 
     </span>
     <span class='ocr_line' id='line_1_21' title="bbox 211 2503 882 2576; baseline 0.009 -8"><span class='ocrx_word' id='word_1_169' title='bbox 211 2503 461 2570; x_wconf 77' lang='lat' dir='ltr'><strong>asseverasse</strong></span> <span class='ocrx_word' id='word_1_170' title='bbox 485 2505 579 2572; x_wconf 90' lang='lat' dir='ltr'><strong>simul</strong></span> <span class='ocrx_word' id='word_1_171' title='bbox 601 2529 671 2572; x_wconf 86' lang='lat' dir='ltr'><strong>csse</strong></span> <span class='ocrx_word' id='word_1_172' title='bbox 693 2505 784 2575; x_wconf 85' lang='lat' dir='ltr'><strong>falsa.</strong></span> <span class='ocrx_word' id='word_1_173' title='bbox 807 2557 817 2576; x_wconf 83' lang='lat'><strong>.</strong></span> <span class='ocrx_word' id='word_1_174' title='bbox 842 2559 850 2574; x_wconf 91' lang='lat'><strong><em>.</em></strong></span> <span class='ocrx_word' id='word_1_175' title='bbox 875 2559 882 2574; x_wconf 89' lang='lat'><strong>.</strong></span> 
     </span>
    </p>

    <p class='ocr_par' dir='ltr' id='par_1_6' title="bbox 211 2615 1237 3040">
     <span class='ocr_line' id='line_1_22' title="bbox 297 2615 1232 2710; baseline 0.004 -30"><span class='ocrx_word' id='word_1_176' title='bbox 297 2615 503 2682; x_wconf 84' lang='lat' dir='ltr'><strong>Postremum</strong></span> <span class='ocrx_word' id='word_1_177' title='bbox 524 2619 611 2684; x_wconf 80' lang='lat' dir='ltr'><strong>haud</strong></span> <span class='ocrx_word' id='word_1_178' title='bbox 633 2621 855 2708; x_wconf 84' lang='lat' dir='ltr'><strong>negligamus,</strong></span> <span class='ocrx_word' id='word_1_179' title='bbox 878 2643 960 2710; x_wconf 88' lang='lat' dir='ltr'><strong>quae</strong></span> <span class='ocrx_word' id='word_1_180' title='bbox 982 2621 1170 2688; x_wconf 57' lang='lat' dir='ltr'><strong>Leibuitiusv</strong></span> <span class='ocrx_word' id='word_1_181' title='bbox 1193 2619 1232 2684; x_wconf 89' lang='lat' dir='ltr'><strong>de</strong></span> 
     </span>
     <span class='ocr_line' id='line_1_23' title="bbox 215 2725 1231 2816; baseline 0.005 -26"><span class='ocrx_word' id='word_1_182' title='bbox 215 2727 479 2794; x_wconf 81' lang='lat' dir='ltr'><strong>conversionibus</strong></span> <span class='ocrx_word' id='word_1_183' title='bbox 502 2740 587 2816; x_wconf 84' lang='lat' dir='ltr'><strong>egat,</strong></span> <span class='ocrx_word' id='word_1_184' title='bbox 603 2729 787 2796; x_wconf 84' lang='lat' dir='ltr'><strong>Aristotelis</strong></span> <span class='ocrx_word' id='word_1_185' title='bbox 811 2731 957 2798; x_wconf 87' lang='lat' dir='ltr'><strong>doctriua</strong></span> <span class='ocrx_word' id='word_1_186' title='bbox 980 2731 1115 2802; x_wconf 84' lang='lat' dir='ltr'><strong>subniti:</strong></span> <span class='ocrx_word' id='word_1_187' title='bbox 1135 2725 1231 2796; x_wconf 82' lang='lat' dir='ltr'><strong>nouv.</strong></span> 
     </span>
     <span class='ocr_line' id='line_1_24' title="bbox 215 2837 1237 2933; baseline 0.003 -30"><span class='ocrx_word' id='word_1_188' title='bbox 215 2860 275 2905; x_wconf 88' lang='lat' dir='ltr'><strong>ess.</strong></span> <span class='ocrx_word' id='word_1_189' title='bbox 292 2837 342 2904; x_wconf 91' lang='lat' dir='ltr'><strong>IV</strong></span> <span class='ocrx_word' id='word_1_190' title='bbox 363 2838 385 2904; x_wconf 80' lang='grc'><em>2</em></span> <span class='ocrx_word' id='word_1_191' title='bbox 407 2849 439 2904; x_wconf 87' lang='lat' dir='ltr'><strong>et</strong></span> <span class='ocrx_word' id='word_1_192' title='bbox 462 2839 547 2907; x_wconf 74' lang='lat' dir='ltr'><strong>»det</strong></span> <span class='ocrx_word' id='word_1_193' title='bbox 571 2841 715 2929; x_wconf 78' lang='lat' dir='ltr'><strong>logicae«</strong></span> <span class='ocrx_word' id='word_1_194' title='bbox 740 2847 769 2926; x_wconf 67' lang='lat'><strong>§-</strong></span> <span class='ocrx_word' id='word_1_195' title='bbox 788 2845 807 2910; x_wconf 87' lang='lat'>8</span> <span class='ocrx_word' id='word_1_196' title='bbox 831 2843 860 2928; x_wconf 63' lang='grc' dir='ltr'><strong>ξ.</strong></span> <span class='ocrx_word' id='word_1_197' title='bbox 876 2847 898 2910; x_wconf 86' lang='grc'>9</span> <span class='ocrx_word' id='word_1_198' title='bbox 914 2847 947 2933; x_wconf 82' lang='grc' dir='ltr'><strong>(ρ</strong></span> <span class='ocrx_word' id='word_1_199' title='bbox 967 2847 1029 2910; x_wconf 87' lang='grc'><strong>100</strong></span> <span class='ocrx_word' id='word_1_200' title='bbox 1041 2843 1136 2924; x_wconf 86' lang='lat' dir='ltr'><strong>Erd.)</strong></span> <span class='ocrx_word' id='word_1_201' title='bbox 1175 2842 1237 2908; x_wconf 72' lang='lat' dir='ltr'><strong>»si</strong></span> 
     </span>
     <span class='ocr_line' id='line_1_25' title="bbox 211 2947 1231 3040; baseline 0.004 -26"><span class='ocrx_word' id='word_1_202' title='bbox 211 2949 241 3014; x_wconf 82' lang='lat' dir='ltr'><em>A</em></span> <span class='ocrx_word' id='word_1_203' title='bbox 264 2947 407 3014; x_wconf 73' lang='lat' dir='ltr'><strong>accludit</strong></span> <span class='ocrx_word' id='word_1_204' title='bbox 427 2949 473 3032; x_wconf 86' lang='lat' dir='ltr'><strong>B,</strong></span> <span class='ocrx_word' id='word_1_205' title='bbox 496 2949 639 3015; x_wconf 80' lang='lat' dir='ltr'><strong>vr&#39;cr&#39;ssim</strong></span> <span class='ocrx_word' id='word_1_206' title='bbox 661 2951 692 3016; x_wconf 88' lang='grc' dir='ltr'><em>Β</em></span> <span class='ocrx_word' id='word_1_207' title='bbox 714 2953 857 3020; x_wconf 75' lang='lat' dir='ltr'><strong>excludit</strong></span> <span class='ocrx_word' id='word_1_208' title='bbox 877 2956 924 3036; x_wconf 82' lang='lat' dir='ltr'><strong>A,</strong></span> <span class='ocrx_word' id='word_1_209' title='bbox 954 2955 1010 3040; x_wconf 78' lang='grc' dir='ltr'><em>ίιοο</em></span> <span class='ocrx_word' id='word_1_210' title='bbox 1039 2967 1085 3019; x_wconf 83' lang='lat' dir='ltr'><strong>est</strong></span> <span class='ocrx_word' id='word_1_211' title='bbox 1104 2949 1231 3040; x_wconf 80' lang='lat' dir='ltr'><strong>suada·</strong></span> 
     </span>
    </p>
   </div>
   <div class='ocr_carea' id='block_1_5' title="bbox 210 3061 1366 3266">
    <p class='ocr_par' dir='ltr' id='par_1_7' title="bbox 210 3061 1366 3266">
     <span class='ocr_line' id='line_1_26' title="bbox 210 3061 1366 3152; baseline 0.002 -25"><span class='ocrx_word' id='word_1_212' title='bbox 210 3074 348 3128; x_wconf 70' lang='lat' dir='ltr'><strong>mentesa</strong></span> <span class='ocrx_word' id='word_1_213' title='bbox 375 3061 587 3126; x_wconf 79' lang='lat' dir='ltr'><strong>conversionis</strong></span> <span class='ocrx_word' id='word_1_214' title='bbox 610 3064 800 3150; x_wconf 73' lang='lat' dir='ltr'><strong>simpliciter</strong></span> <span class='ocrx_word' id='word_1_215' title='bbox 828 3066 947 3151; x_wconf 77' lang='lat' dir='ltr'><strong>factae.</strong></span> <span class='ocrx_word' id='word_1_216' title='bbox 992 3065 1034 3133; x_wconf 77' lang='lat' dir='ltr'><strong>Si</strong></span> <span class='ocrx_word' id='word_1_217' title='bbox 1058 3065 1231 3132; x_wconf 80' lang='lat' dir='ltr'><strong>uullamA</strong></span> <span class='ocrx_word' id='word_1_218' title='bbox 1365 3103 1366 3152; x_wconf 56' lang='lat' dir='ltr'><strong>v</strong></span> 
     </span>
     <span class='ocr_line' id='line_1_27' title="bbox 212 3153 1366 3266; baseline 0.003 -28"><span class='ocrx_word' id='word_1_219' title='bbox 212 3187 258 3238; x_wconf 80' lang='lat' dir='ltr'><strong>est</strong></span> <span class='ocrx_word' id='word_1_220' title='bbox 279 3173 324 3256; x_wconf 85' lang='lat' dir='ltr'><strong>B,</strong></span> <span class='ocrx_word' id='word_1_221' title='bbox 348 3173 444 3238; x_wconf 80' lang='lat' dir='ltr'><strong>etiam</strong></span> <span class='ocrx_word' id='word_1_222' title='bbox 466 3175 587 3240; x_wconf 77' lang='lat' dir='ltr'><strong>uallum</strong></span> <span class='ocrx_word' id='word_1_223' title='bbox 609 3174 640 3239; x_wconf 87' lang='lat' dir='ltr'><em>B</em></span> <span class='ocrx_word' id='word_1_224' title='bbox 662 3189 710 3242; x_wconf 86' lang='lat' dir='ltr'><strong>est</strong></span> <span class='ocrx_word' id='word_1_225' title='bbox 732 3179 761 3242; x_wconf 82' lang='lat' dir='ltr'><em>A</em></span> <span class='ocrx_word' id='word_1_226' title='bbox 785 3191 814 3244; x_wconf 83' lang='lat' dir='ltr'><strong>et</strong></span> <span class='ocrx_word' id='word_1_227' title='bbox 836 3180 870 3243; x_wconf 84' lang='lat' dir='ltr'><strong>si</strong></span> <span class='ocrx_word' id='word_1_228' title='bbox 888 3177 1049 3266; x_wconf 81' lang='lat' dir='ltr'><strong>quoddam</strong></span> <span class='ocrx_word' id='word_1_229' title='bbox 1071 3179 1101 3242; x_wconf 86' lang='lat' dir='ltr'><em>A</em></span> <span class='ocrx_word' id='word_1_230' title='bbox 1124 3191 1170 3242; x_wconf 86' lang='lat' dir='ltr'><strong>est</strong></span> <span class='ocrx_word' id='word_1_231' title='bbox 1191 3177 1230 3260; x_wconf 85' lang='lat' dir='ltr'><strong>B,</strong></span> <span class='ocrx_word' id='word_1_232' title='bbox 1365 3153 1366 3196; x_wconf 35' lang='grc' dir='ltr'><em>ί</em></span> 
     </span>
    </p>
   </div>
   <div class='ocr_carea' id='block_1_6' title="bbox 210 3282 1234 3818">
    <p class='ocr_par' dir='ltr' id='par_1_8' title="bbox 210 3282 1234 3818">
     <span class='ocr_line' id='line_1_28' title="bbox 211 3282 1232 3378; baseline 0.005 -30"><span class='ocrx_word' id='word_1_233' title='bbox 211 3285 308 3348; x_wconf 71' lang='lat' dir='ltr'><strong>etrum</strong></span> <span class='ocrx_word' id='word_1_234' title='bbox 336 3282 496 3370; x_wconf 76' lang='lat' dir='ltr'><strong>quoddam</strong></span> <span class='ocrx_word' id='word_1_235' title='bbox 525 3285 556 3349; x_wconf 88' lang='lat' dir='ltr'><em>B</em></span> <span class='ocrx_word' id='word_1_236' title='bbox 585 3301 632 3351; x_wconf 83' lang='lat' dir='ltr'><strong>est</strong></span> <span class='ocrx_word' id='word_1_237' title='bbox 660 3289 699 3358; x_wconf 78' lang='lat' dir='ltr'><strong>A.</strong></span> <span class='ocrx_word' id='word_1_238' title='bbox 721 3327 764 3338; x_wconf 89' lang='lat'><em>-</em></span> <span class='ocrx_word' id='word_1_239' title='bbox 792 3289 960 3355; x_wconf 76' lang='lat' dir='ltr'><strong>Conversio</strong></span> <span class='ocrx_word' id='word_1_240' title='bbox 987 3314 1052 3378; x_wconf 77' lang='lat' dir='ltr'><strong>per</strong></span> <span class='ocrx_word' id='word_1_241' title='bbox 1086 3288 1232 3354; x_wconf 81' lang='lat' dir='ltr'><strong>accidens</strong></span> 
     </span>
     <span class='ocr_line' id='line_1_29' title="bbox 210 3395 1234 3490; baseline 0.005 -31"><span class='ocrx_word' id='word_1_242' title='bbox 210 3395 366 3478; x_wconf 76' lang='lat' dir='ltr'><strong>nascitur,</strong></span> <span class='ocrx_word' id='word_1_243' title='bbox 388 3397 463 3462; x_wconf 83' lang='grc' dir='ltr'><strong>οιἈ</strong></span> <span class='ocrx_word' id='word_1_244' title='bbox 483 3397 620 3464; x_wconf 63' lang='lat' dir='ltr'><strong>accludit</strong></span> <span class='ocrx_word' id='word_1_245' title='bbox 633 3401 674 3468; x_wconf 89' lang='lat' dir='ltr'><strong>B.</strong></span> <span class='ocrx_word' id='word_1_246' title='bbox 713 3400 809 3466; x_wconf 78' lang='lat' dir='ltr'><strong>Omne</strong></span> <span class='ocrx_word' id='word_1_247' title='bbox 823 3402 854 3466; x_wconf 84' lang='lat' dir='ltr'><strong><em>A</em></strong></span> <span class='ocrx_word' id='word_1_248' title='bbox 869 3415 915 3466; x_wconf 85' lang='lat' dir='ltr'><strong>est</strong></span> <span class='ocrx_word' id='word_1_249' title='bbox 929 3402 969 3484; x_wconf 88' lang='lat' dir='ltr'><strong>B,</strong></span> <span class='ocrx_word' id='word_1_250' title='bbox 985 3425 1057 3490; x_wconf 70' lang='lat' dir='ltr'><strong>erpo</strong></span> <span class='ocrx_word' id='word_1_251' title='bbox 1071 3399 1234 3488; x_wconf 80' lang='lat' dir='ltr'><strong>quoddam</strong></span> 
     </span>
     <span class='ocr_line' id='line_1_30' title="bbox 210 3505 1232 3598; baseline 0.006 -26"><span class='ocrx_word' id='word_1_252' title='bbox 210 3505 243 3572; x_wconf 85' lang='lat' dir='ltr'><em>B</em></span> <span class='ocrx_word' id='word_1_253' title='bbox 269 3521 316 3572; x_wconf 80' lang='lat' dir='ltr'><strong>est</strong></span> <span class='ocrx_word' id='word_1_254' title='bbox 337 3509 395 3574; x_wconf 73' lang='lat' dir='ltr'><strong>A«</strong></span> <span class='ocrx_word' id='word_1_255' title='bbox 440 3508 561 3597; x_wconf 85' lang='lat' dir='ltr'><strong>Jtaque</strong></span> <span class='ocrx_word' id='word_1_256' title='bbox 590 3512 816 3576; x_wconf 85' lang='lat' dir='ltr'><strong>conversiones</strong></span> <span class='ocrx_word' id='word_1_257' title='bbox 847 3511 1010 3598; x_wconf 87' lang='lat' dir='ltr'><strong>simplices</strong></span> <span class='ocrx_word' id='word_1_258' title='bbox 1040 3517 1232 3578; x_wconf 89' lang='lat' dir='ltr'><strong>convertunt</strong></span> 
     </span>
     <span class='ocr_line' id='line_1_31' title="bbox 210 3619 1232 3708; baseline 0.004 -26"><span class='ocrx_word' id='word_1_259' title='bbox 210 3624 243 3698; x_wconf 89' lang='lat' dir='ltr'><strong>a)</strong></span> <span class='ocrx_word' id='word_1_260' title='bbox 266 3619 480 3685; x_wconf 86' lang='lat' dir='ltr'><strong>universalem</strong></span> <span class='ocrx_word' id='word_1_261' title='bbox 502 3621 694 3708; x_wconf 84' lang='lat' dir='ltr'><strong>negativam,</strong></span> <span class='ocrx_word' id='word_1_262' title='bbox 717 3622 753 3700; x_wconf 93' lang='lat' dir='ltr'><strong>b)</strong></span> <span class='ocrx_word' id='word_1_263' title='bbox 776 3620 1001 3706; x_wconf 79' lang='lat' dir='ltr'><strong>particularem</strong></span> <span class='ocrx_word' id='word_1_264' title='bbox 1022 3621 1232 3687; x_wconf 86' lang='lat' dir='ltr'><strong>affirmantem</strong></span> 
     </span>
     <span class='ocr_line' id='line_1_32' title="bbox 210 3729 1233 3818; baseline 0.002 -24"><span class='ocrx_word' id='word_1_265' title='bbox 210 3737 245 3794; x_wconf 84' lang='lat' dir='ltr'><strong>at</strong></span> <span class='ocrx_word' id='word_1_266' title='bbox 266 3731 435 3796; x_wconf 86' lang='lat' dir='ltr'><strong>conversio</strong></span> <span class='ocrx_word' id='word_1_267' title='bbox 459 3749 516 3818; x_wconf 88' lang='lat' dir='ltr'><strong>per</strong></span> <span class='ocrx_word' id='word_1_268' title='bbox 537 3729 689 3795; x_wconf 82' lang='lat' dir='ltr'><strong>accidens</strong></span> <span class='ocrx_word' id='word_1_269' title='bbox 712 3729 754 3794; x_wconf 89' lang='lat' dir='ltr'><strong>ad</strong></span> <span class='ocrx_word' id='word_1_270' title='bbox 779 3731 992 3799; x_wconf 87' lang='lat' dir='ltr'><strong>universalem</strong></span> <span class='ocrx_word' id='word_1_271' title='bbox 1007 3731 1233 3798; x_wconf 83' lang='lat' dir='ltr'><strong>affirmativam</strong></span> 
     </span>
    </p>
   </div>
   <div class='ocr_carea' id='block_1_7' title="bbox 0 0 1414 4160">
    <p class='ocr_par' dir='ltr' id='par_1_9' title="bbox 0 0 1414 4160">
     <span class='ocr_line' id='line_1_33' title="bbox 0 0 1414 4160; baseline 0 1"><span class='ocrx_word' id='word_1_272' title='bbox 0 0 1414 4160; x_wconf 95' lang='lat' dir='ltr'><strong> </strong></span> 
     </span>
    </p>
   </div>
  </div>
 </body>
</html>
