2818 4160
545 153 759 220 ..27-

134 323 195 388 bet
217 320 395 388 secundum
418 331 493 387 tres'
507 320 694 409 categorias.
728 309 791 387 Est
813 323 899 388 enim
919 329 1044 392 κατὰτὸ
1060 330 1161 394 ποσὸν

140 435 211 517 (seu
235 431 375 517 μέγεθος
403 433 494 519 phys.
518 433 547 514 8,
571 439 590 500 7
611 433 650 519 lp.
671 435 745 517 260)
783 432 926 522 αὔξησις.
944 440 1160 521 augmentatio

138 554 177 610 ct'
205 543 313 631 φθίσις
345 543 528 624 diminutio,
569 545 646 609 rard
683 546 719 609 τὸ
759 547 845 608 ποιὸν
885 544 956 631 (seu
990 545 1156 634 παάηπκον

134 657 227 744 phys.
248 657 278 722 V
301 657 344 738 (ε)
372 655 394 720 2
421 680 451 741 p.
474 656 573 723 2262.
604 653 707 726 πάθος
735 655 829 742 phys.
853 655 956 736 VIII.‚
981 657 999 720 'l
1030 679 1061 742 p.
1083 655 1162 739 260)

139 767 303 837 ἀλλοίωσις
325 766 482 842 alteratio,
514 768 590 832 κατὰ
613 767 706 832 τόπον
729 767 821 855 phys.
845 767 915 833 eod.
940 773 1010 846 (seu
1032 769 1067 832 τὸ
1091 771 1164 849 ποῦ)

138 879 227 965 φορὰ
248 888 354 943 motus
376 877 497 943 localis.
535 877 583 945 Of.
607 877 787 964 metaphys.
802 879 836 941 λ.
851 876 943 942 initio
960 929 967 943 .
986 875 1167 966 ..αὔξησις

140 989 178 1052 δὲ
205 991 253 1054 καὶ
283 987 390 1075 φθίσις
410 991 430 1076 ἦ
454 989 531 1054 κατὰ
554 990 587 1052 τὸ
611 987 718 1064 ποσόν,
743 987 907 1058 ἀλλοίωσις
927 989 963 1052 δὲ
985 991 1004 1077 ὴ
1027 991 1161 1052 κατὰτὸ

137 1098 252 1176 πάθος,
282 1101 368 1186 φορὰ
390 1099 426 1164 δὲ
447 1101 467 1187 ἡ
490 1100 566 1164 κατὰ
589 1099 681 1164 τόπον
699 1147 707 1162 .
723 1147 731 1164 .
748 1146 779 1163 ..
804 1097 910 1177 Quem
933 1109 1055 1164 motum
1078 1099 1163 1165 loea-

137 1212 203 1279 lem
234 1215 303 1288 (seu
330 1212 494 1286 lationem)
522 1211 662 1297 primum
690 1221 836 1276 motuum
863 1212 969 1297 (φύσει
991 1212 1161 1300 πρότερον)

138 1359 184 1372 --
213 1323 254 1389 of.
282 1334 358 1391 met.
380 1325 407 1387 λ.
430 1347 461 1410 p.
478 1324 541 1390 248
564 1322 615 1390 ed.
639 1324 786 1390 Brendis.
812 1323 909 1402 1823)
938 1324 1025 1410 φορὰ
1052 1323 1112 1409 γὰρ
1142 1325 1161 1412 ἣ

140 1437 251 1523 πρώτη
274 1440 336 1500 τῶν
355 1435 543 1519 μεταβολῶν
573 1469 614 1484 -
644 1435 926 1522 conditionemque
949 1457 1018 1499 esse
1041 1434 1161 1500 realem

140 1545 290 1628 aliorum,
320 1545 508 1612 Aristoteles
537 1544 674 1612 ostendit
702 1545 735 1610 iu
757 1545 847 1633 phys.
867 1545 975 1629 VIII.‚
997 1547 1015 1611 7
1041 1569 1073 1632 p.
1089 1545 1163 1612 260.

139 1655 226 1727 Fieri
255 1679 393 1744 namque
421 1679 487 1720 non
516 1679 612 1742 posse
638 1665 674 1721 ut
696 1656 915 1743 augmentatio
939 1656 1062 1721 sitnisi
1085 1655 1163 1720 alte-

73 1787 78 1798 ·
140 1767 221 1832 ratio
244 1766 421 1848 antecedat,
445 1777 575 1833 atvero
598 1767 624 1831 si
647 1769 809 1849 alteratur,
832 1767 873 1832 sit
893 1768 927 1833 id
941 1788 1074 1833 necesse
1091 1789 1162 1832 esse

141 1877 229 1965 quod
258 1879 386 1958 alteret,
414 1888 524 1964 patere
552 1887 659 1944 autem
685 1876 719 1942 id
741 1877 829 1965 quod
850 1886 979 1943 moveat
1000 1875 1171 1942 interdurn.

143 2009 213 2053 esse
243 1988 453 2074 propinquius
480 1988 509 2053 ei
532 1987 619 2076 qnod
643 1988 795 2054 alteretur
817 1987 979 2052 interdum
999 1988 1162 2067 remotius,

143 2106 176 2163 at
204 2098 374 2164 haeceine
401 2097 518 2162 latione
546 2119 615 2162 esse
643 2097 776 2184 nequire
802 2099 914 2184 ταύτην
937 2097 970 2180 (i.
994 2119 1021 2160 e.
1046 2097 1163 2183 φορὰν)
1199 2095 1201 2106 ’

143 2209 307 2292 ἀναγκαῖον
336 2208 412 2274 εἶναι
435 2210 568 2297 ,πρώτον
588 2255 596 2272 .
614 2255 647 2276 ..
677 2207 830 2272 ἀδύνατον
852 2209 913 2294 γὰρ
937 2205 1065 2295 αὔξησιν
1088 2207 1165 2271 εἶναι

144 2321 343 2392 ἀλλοιώσεως
366 2323 410 2410 μὴ
441 2320 708 2410 προοπαρχούσης
723 2366 730 2382 .
747 2366 778 2384 ..
800 2318 877 2383 ἀλλὰ
896 2320 958 2408 μὴν
982 2317 1045 2402 εἴγε
1067 2319 1163 2383 ἀλλοι-

144 2434 240 2506 οῦται,
267 2433 318 2496 δεῖ
334 2456 361 2497 τι
383 2432 515 2496 εἶναιτὸ
538 2433 725 2496 ἀλλοιοῦν..
742 2431 837 2520 δῆλον
860 2429 916 2495 οὖν
937 2431 983 2495 ὅτι
1006 2431 1040 2494 τὸ
1063 2433 1173 2494 κινοῦν-

147 2543 203 2632 οὐχ
223 2542 340 2625 ὁμοίως
359 2541 422 2632 ἔχει
444 2543 507 2606 ἀλλ’
531 2543 660 2628 ὁτὲμὲν
680 2541 847 2627 ἐγγύτερον
870 2542 922 2605 ὁτὲ
944 2541 980 2604 ἀὲ
1003 2542 1163 2629 ποῤῥώτε-

141 2677 201 2742 ρον
235 2656 289 2718 τοῦ
322 2653 542 2738 ἀλλοιουμένου
571 2649 673 2718 ἐστίν·
708 2655 803 2716 ταῦτα
836 2653 940 2716 ιλᾶνεν
974 2657 1079 2739 φορᾶς
1111 2653 1168 2716 οὐκ

144 2764 301 2854 ἐνδέχεται
324 2764 482 2853 ὑπάρχειν.
503 2801 545 2814 -
574 2763 634 2844 Ita,
657 2762 838 2828 Leibnitius
860 2761 976 2850 inquit,
998 2772 1087 2850 patet
1108 2761 1165 2826 vix

145 2874 315 2962 quicquam
337 2873 503 2961 physicam
526 2873 708 2942 Aristotelis
731 2873 862 2956 habere.
883 2872 971 2960 quod
994 2895 1035 2937 ex
1057 2875 1171 2936 recen·'

147 2984 279 3049 tioribns
309 3007 373 3050 nou
402 2985 587 3050 illustretur.
610 3020 652 3033 ·—
680 2985 795 3050 Restat
823 2990 860 3049 ut
886 2981 1042 3048 addamus
1074 3002 1165 3044 »con-

146 3105 266 3180 oeptum
279 3094 412 3182 formae
435 3095 660 3158 substantiatis
682 3095 904 3160 scholasticam
927 3113 967 3155 ec
985 3089 1167 3177 defiuitione

147 3217 282 3288 naturae
304 3197 529 3280 Aristotelicas
554 3228 620 3270 non
642 3207 743 3293 sequi.
1141 3187 1143 3194 ¹

232 3315 330 3392 Cujus
356 3316 580 3406 explicationis
602 3338 727 3382 summa
747 3316 827 3381 haec
850 3317 917 3381 lere
939 3316 1044 3398 σοῦ’)
1089 3314 1165 3383 Nou
1288 3352 1290 3358 .

152 3469 350 3482 *—

156 3531 300 3633 jss'asr.
319 3539 446 3634 epictet
465 3567 583 3622 usone
602 3567 622 3620 a
638 3585 664 3636 p.
682 3566 716 3624 σο
734 3565 793 3618 ura
812 3563 1087 3622 sr.·euu0me.1v.
1105 3547 1164 3629 oppss

148 3659 198 3704 tom
215 3651 260 3709 IV.
278 3670 304 3721 p.
322 3652 364 3706 λλ.
