2818 4160
548 181 760 244 ...11-

143 348 298 438 pduprclrv
321 352 441 422 τούτοις
462 353 510 414 καὶ
532 351 569 415 τὰ
590 351 680 414 λοιπὰ
703 351 802 416 πάντα
820 351 861 416 ef.
878 355 948 437 περὶ
962 357 1063 442 ψυχῆς
1084 355 1119 421 ΙΙ
1133 359 1165 422 3.

145 463 200 550 τὴν
218 462 277 547 μὲν
300 465 355 526 οῦν
377 459 544 550 θρεπτικὴν
567 463 669 551 ᾡοχὴν
690 463 808 550 ἀνάγκη
832 467 892 526 πᾶν
908 459 988 552 ἔχειν
1002 465 1047 526 ὅτι
1062 467 1160 550 περᾶν

145 573 184 660 ζῇ
206 575 254 636 καὶ
277 574 377 662 ψυχὴν
400 569 454 662 ἔχῃ
477 573 539 636 ἀπὸ
561 573 720 657 γενέσεως
742 573 835 662 μέχρι
858 571 994 659 φθορᾶς·
1023 571 1167 660 αἴσθησιν

144 683 235 748 δὀὐκ
261 684 426 766 ἀναγκαῖον
453 683 487 747 ἐν
522 685 619 749 ἅπασι
649 687 714 756 τοῖς
747 685 824 759 ζῶσι
858 684 898 750 ef.
933 682 1002 750 eod.
1025 682 1087 749 III.
1118 684 1167 750 12.

148 817 180 880 p.
199 795 261 858 104
282 793 333 861 ed.
356 794 571 861 Trendelenb.

230 905 326 968 Anno
351 906 434 971 1664
459 905 605 988 hiemen)
631 907 793 994 specimen
818 905 1012 971 difficultatis
1035 929 1077 970 ex
1094 907 1170 994 jure

147 1014 290 1082 defendit
306 1018 396 1105 eujus
412 1019 597 1104 adjumento
613 1028 648 1084 ut
663 1018 732 1106 ipse
748 1016 958 1104 profitetur¹²)
969 1017 1037 1103 juri
1052 1016 1166 1082 deditis

147 1141 354 1208 „contemtum
361 1127 588 1214 philosophiae
612 1129 751 1194 domore“
774 1129 914 1195 molitur.
952 1126 1077 1196 Ibidem
1095 1127 1166 1192 Ari-

149 1237 297 1302 stotelem
318 1239 412 1302 affert
426 1239 459 1302 in
481 1240 563 1306 libro
588 1239 627 1305 de
643 1241 732 1305 eaelo
756 1251 877 1305 motum
899 1262 919 1304 a
940 1237 1166 1325 Pythagoricis

45 1349 47 1360 '
148 1347 370 1434 quaestionem
393 1349 584 1435 explicuisse
606 1361 714 1415 utrum
738 1348 887 1414 dextrum
908 1348 988 1414 eseli
1004 1347 1168 1435 quippiam

151 1467 184 1523 et
215 1457 343 1522 laevum
371 1459 583 1546 reperiantur.
628 1459 833 1524 Inveniemus
861 1460 968 1524 loeum
1002 1459 1113 1540 istum,
1143 1457 1170 1521 si

148 1568 362 1634 evolverimus
385 1569 457 1636 libr.
477 1569 513 1637 ll.
538 1571 603 1635 αἳ
626 1573 696 1656 περὶ
718 1571 863 1657 οὐρανοῦ,
888 1573 952 1656 quo
975 1567 1168 1634 Aristoteles

146 1680 191 1746 ita
214 1680 289 1747 dicit
315 1681 444 1771 „turs-odo)
467 1683 504 1746 δέ
526 1706 607 1754 τινες
628 1684 703 1747 εἰσιν
733 1683 766 1747 ol
788 1707 882 1770 φασιν
911 1683 990 1747 εἶναι’
1018 1706 1044 1747 τι
1067 1682 1171 1756 δεξιὸν
1247 1697 1249 1700 “

148 1794 196 1856 καὶ
218 1794 385 1881 ἀριστερὸν
408 1797 462 1858 τοῦ
486 1794 621 1880 οὐρανοῦ
644 1792 789 1882 καθάπερ
812 1797 840 1858 οἳ
862 1795 1044 1880 καλούμενοι
1066 1792 1171 1858 Ποθα-

153 1903 269 1989 γόρειοι
284 1951 292 1967 .
308 1951 340 1968 ..
362 1906 510 1969 σκεπτέον
537 1906 671 1992 πότερον
694 1909 802 1970 τοῦτον
826 1904 889 1994 ἔχει
912 1907 964 1969 τὸν
988 1905 1102 1991 τρόπον
1125 1907 1175 1975 ὡς

153 2011 262 2076 ἐκεῖνοι
287 2014 428 2096 λέγουσιν
456 2016 475 2102 ἦ
503 2018 620 2100 μᾶλλον
649 2017 797 2102 ἑτέρως.“
841 2017 955 2102 Pergit
980 2015 1169 2096 Leibnitius‚

151 2140 227 2186 'eum
261 2121 386 2187 eaelum
419 2125 587 2190 Aristoteli
615 2137 757 2190 sumtum
786 2149 860 2190 eum
889 2124 1102 2211 intelligentie
1131 2125 1173 2188 sit

150 2232 251 2298 instar
273 2234 436 2316 animulis,
465 2235 617 2301 dextrum
645 2236 741 2302 etiem
763 2235 825 2323 ipsi
846 2245 878 2300 et
901 2235 1063 2298 sinistrum
1086 2233 1174 2298 attri-

150 2344 257 2410 buisse
279 2369 369 2430 eum3
393 2347 434 2411 ef.
450 2347 654 2414 Aristotelem
677 2348 732 2435 qui
755 2347 883 2412 eaelum
906 2346 1082 2411 animatum
1105 2365 1174 2410 esse

151 2453 379 2540 intelligentiae
402 2480 505 2544 capax
527 2468 560 2522 et
581 2459 775 2545 principium
796 2459 915 2523 habere
933 2468 1038 2522 motus
1055 2455 1173 2537 docuit,

152 2565 225 2629 loeo
255 2565 402 2632 laudato:
432 2569 504 2655 ἡμῖν
531 2569 558 2631 d'
581 2568 688 2657 ἐπειδὴ
715 2571 846 2655 ὥρισται
874 2569 1027 2655 πρότερον
1062 2569 1108 2632 ὅτι
1142 2567 1175 2630 ἐν

151 2678 216 2748 τοῖς
232 2675 355 2767 ἔχουσιν
369 2677 467 2767 ἀρχὴν
487 2680 638 2768 κινήσεως
659 2681 690 2742 αἱ
713 2683 858 2744 τοοαῦται
880 2680 1027 2763 δυνάμεις
1044 2678 1176 2762 ἐνυπαρ-

147 2813 275 2879 χοοσιν,
304 2789 372 2853 ὁδ’
394 2789 531 2877 οὐρανὸς
559 2789 699 2882 ἔμψυχος
732 2794 780 2855 καὶ
809 2789 871 2881 ἔχει
899 2792 1051 2879 κινήσεως
1077 2789 1175 2878 ἀρχὴν
1200 2833 1203 2838 -

152 2899 247 2988 δῆλον
270 2901 318 2964 ὅτι
340 2898 403 2990 ἔχει
426 2903 530 2966 καὶτὸ
553 2902 618 2965 ἄνω
641 2905 689 2966 καὶ
712 2904 746 2966 τὸ
769 2904 852 2966 κάτω
875 2903 923 2964 καὶ
946 2903 980 2964 τὸ
1002 2900 1105 2974 δεξιὸν
1128 2898 1177 2961 καὶ

154 3012 188 3073 τὸ
211 3009 386 3098 ἀριστερόν.
420 3011 471 3078 Of.
496 3012 591 3078 etiam
615 3011 679 3080 eth.
703 3013 765 3079 nie.
783 3012 871 3078 VI'l
899 3013 947 3075 καὶ
969 3011 1030 3096 γὰρ
1053 3005 1177 3095 ἀνθρώ-

155 3141 215 3183 που
237 3121 314 3187 ἄλλα
345 3124 420 3187 πολι)
452 3120 599 3210 θειότερα
627 3126 684 3212 τὴν
707 3124 799 3209 φύσιν
822 3123 886 3187 οἷον
908 3120 1121 3208 φανερώτατοί
1141 3143 1179 3203 γε

158 3229 197 3303 ἐξ
216 3230 261 3294 ὧν
284 3233 301 3294 ὁ
325 3233 445 3318 κόσμος
466 3233 654 3321 συνέστηκεν
676 3234 717 3299 of.
740 3234 861 3300 metf.l
883 3233 913 3299 8.
935 3267 978 3280 -·

242 3341 345 3408 Porro
378 3344 631 3434 disputationem
666 3366 750 3410 anno
782 3345 865 3410 1666
892 3329 1005 3408 hebuit
1031 3341 1178 3409 arithme-

154 3499 361 3511 -—-—-

226 3585 261 3654 11)
279 3585 372 3639 scheda
389 3587 414 3640 1:
424 3603 445 3638 e

146 3666 161 3734 ⁶,
226 3675 262 3742 1²)
282 3689 341 3742 opp.
358 3672 464 3725 Dutens.
482 3681 541 3726 tom.
558 3673 602 3726 lv.
620 3691 645 3742 p.
664 3674 706 3730 68.
724 3689 783 3740 pm
800 3671 845 3726 Ill.
