2818 4160
234 199 307 358 2
341 219 511 364 ΖΝ·
626 270 667 280 “
712 234 754 300 or
796 272 835 338 .··

218 399 342 490 Boekh,
364 401 483 489 Brona,
506 405 669 497 Droyocn,
692 409 817 498 ducist,
832 413 952 504 Haupt,
967 415 1106 498 Jordan,
1121 417 1240 490 Kirch·
1340 494 1343 513 ¹

217 511 294 599 hoff,
310 513 496 596 Mommsen,
512 516 736 606 Mocllcnhoff,
755 523 935 612 steinthul,
951 527 1239 619 Trcndclcntnrg,

219 625 334 712 quibus
358 625 434 690 viris
458 627 577 714 optime
600 629 639 695 de
668 654 720 697 mc
748 634 869 700 meritis
898 639 1018 725 gratias
1048 659 1110 727 ago
1143 663 1237 728 quam

218 758 350 823 possum
371 759 538 805 maxrmas.

303 847 368 913 Per
403 850 544 939 quinque
581 858 747 922 semestris
780 858 910 926 interfui
952 863 1236 932 exercitationibus

217 958 414 1048 philosophis
437 961 816 1057 Trendelenburgii,
840 974 930 1059 cujus
950 986 1112 1062 quantum
1142 976 1235 1044 disci·

218 1069 324 1162 plinae
346 1071 495 1159 debeam,
519 1099 643 1166 semper
664 1079 742 1147 mihi
764 1096 834 1148 sum
858 1085 1014 1152 conscius.

625 1345 827 1357 ——u—-ae—-u

533 1569 923 1678 THESES.

219 1912 246 1975 1.
280 1908 404 1996 Injuria
425 1906 708 1980 Schleiermacher.
746 1911 924 1980 doctrinam
955 1913 1166 2001 ἐκπυρωσεως
1193 1911 1231 1977 ab

279 2021 446 2089 Heraclito
470 2023 676 2111 abjudicavit.

216 2135 246 2200 2.
279 2136 317 2201 In
341 2133 421 2202 Oed.
446 2135 516 2203 001.
540 2159 624 2202 vers.
649 2137 731 2204 1075
746 2160 812 2226 seq.
842 2160 951 2204 veram
980 2159 1050 2204 csse
1079 2137 1236 2203 librorum

280 2247 472 2338 scripturam
484 2248 794 2316 contraElmsleium
806 2249 950 2338 aliosque
964 2271 1037 2315 cum
1045 2247 1236 2315 Hermanno

280 2361 391 2426 santio.

216 2471 245 2537 3.
279 2468 491 2537 Sublimitatis
525 2494 636 2537 sensus
670 2472 789 2537 mixtus
817 2482 866 2538 est
891 2494 933 2538 ex
963 2471 1074 2538 doloro
1105 2469 1238 2537 infirmi-

279 2581 353 2647 tatis
376 2593 505 2648 nostrae
528 2592 560 2648 et
581 2582 700 2670 gaudio
723 2583 821 2649 animi
843 2583 1039 2652 sublationis.

214 2693 245 2761 4.
281 2692 381 2760 Haud
403 2704 490 2759 recta
507 2693 669 2782 judicant,
697 2694 752 2782 qui
775 2692 963 2760 Trachinins
987 2674 1150 2783 Sophocle
1180 2693 1234 2758 do-

282 2815 357 2871 cant
378 2805 540 2894 indignas.
858 2798 861 2804 ’

216 2918 245 2985 5.
279 2917 369 2984 Inter
399 2921 633 3005 Anaxagoreas
662 2915 804 2982 infinitas
834 2919 1053 3004 ὁμοιομερειας
1081 2927 1114 2984 ct
1140 2916 1234 2984 Leib-

280 3029 350 3094 nitii
380 3028 420 3094 de
447 3027 579 3094 infinitis
610 3027 800 3094 monadibus
830 3027 1008 3094 doctrinam
1033 3029 1115 3094 ratio
1139 3052 1233 3117 quae

280 3141 354 3207 dam
376 3139 547 3207 intercedit
569 3139 624 3221 (cf.
647 3139 761 3209 Leibn.
773 3139 917 3229 Hypoth.
933 3163 1007 3210 nov.
1021 3140 1113 3230 phys.
1129 3144 1149 3224 ᾖ
1163 3139 1231 3220 43).
