2818 4160
599 199 812 264 ..10..

188 375 317 464 judicii
343 397 421 439 asas
450 395 498 454 es,
528 385 562 436 at
589 395 644 437 aea
672 395 725 436 res
756 392 776 436 a
806 369 1035 436 recentioribus
1070 367 1217 432 inventas

192 486 384 573 repudiares
405 508 459 550 nec
482 497 585 548 tamea
608 483 758 548 terminos
780 495 918 546 aetham
940 480 1088 544 innoxios
1111 491 1140 542 et
1159 499 1216 564 ap-

196 599 337 663 tissimos
360 598 394 662 ia
416 595 550 660 emiliam
562 594 651 681 peili
667 615 766 678 aeqao
784 591 1038 674 animosiores«
1078 588 1216 675 Semper

196 709 371 797 discipulus
394 717 550 796 quantum
573 705 776 794 praeceptori
799 704 947 769 debuerit
977 703 1037 768 sibi
1068 701 1216 766 conscius

196 831 253 888 est.
301 820 489 906 alapatus,
512 817 623 884 scribit
646 815 819 882 Thomasio
844 814 889 903 (p.
912 815 954 880 54
974 837 994 878 a
1015 812 1119 899 Era),
1143 811 1217 892 sim,

199 931 234 996 si
252 931 316 994 tihi
334 929 435 993 malta
459 927 569 992 dehere
590 950 734 1016 nepetam
765 937 861 1013 atque
883 925 1020 1012 epistula
1036 925 1118 990 1669
1141 923 1216 987 scri-

196 1052 252 1130 pta
286 1041 408 1128 patriae
431 1039 529 1104 decus
553 1037 717 1125 praedicat
739 1037 844 1119 illum,
868 1061 887 1101 a
909 1036 1084 1102 Thomasio
1112 1035 1217 1122 primo

199 1153 376 1239 »integrata
390 1150 544 1214 historiae
556 1148 779 1238 philosophiae
794 1171 927 1236 corpas«
943 1156 1102 1234 expectet,
1118 1169 1218 1233 quum

197 1264 342 1352 plerique
372 1262 454 1327 vitas
485 1263 589 1349 potius
620 1270 677 1343 (aa.
708 1262 985 1349 philosophorum)
1015 1282 1112 1346 quam
1148 1281 1219 1323 sen-

197 1374 314 1440 tentias
345 1373 492 1440 dederint
520 1376 566 1461 (p.
595 1375 672 1441 48a
700 1373 784 1458 eod.)
829 1375 926 1439 Anno
957 1370 1053 1437 etiam
1070 1371 1150 1435 1711
1176 1369 1219 1434 ad

198 1485 256 1553 Oh.
270 1485 427 1552 Wolfium
444 1485 553 1551 scribit
574 1486 618 1550 ita
642 1485 755 1549 »vaide
777 1481 1014 1570 applaudebam
1036 1482 1113 1546 olim
1127 1482 1219 1567 jane·

197 1599 249 1662 ais
272 1598 389 1662 Jacoho
415 1597 598 1680 Thomasio,
623 1597 748 1683 ancipiti
765 1597 849 1677 oiro,
877 1596 938 1680 qai
960 1595 1130 1658 historiam
1158 1616 1220 1657 aaa

199 1722 324 1774 tantam
343 1708 603 1794 philosophorum
618 1706 676 1771 sed
699 1720 729 1770 et
742 1705 968 1792 philosophiae
982 1704 1066 1768 mihi
1078 1717 1221 1768 tractare

198 1817 423 1903 vedetosam«
462 1819 572 1905 Atque
595 1817 808 1882 eruditionem
829 1816 916 1881 illam
939 1815 972 1880 in
994 1825 1102 1880 mente
1123 1814 1219 1880 Leib-

199 1930 269 1996 uitii
281 1931 431 2012 haesisse,
452 1953 492 1996 ex
508 1930 687 2017 posteriore
702 1937 847 2016 tempore
862 1928 972 2015 colligi
989 1937 1104 2015 potest,
1121 1951 1221 2014 quum

202 2063 318 2108 causae
340 2042 428 2108 finali
450 2042 516 2108 vim
538 2041 686 2107 tribuerit
700 2041 875 2106 maximam
891 2040 1134 2126 doctrinamque
1149 2060 1220 2126 pro-

200 2154 309 2220 tulerit
332 2153 371 2220 de
393 2155 559 2221 harmonia
582 2177 751 2220 causarum
782 2153 989 2218 efficientium
1012 2161 1044 2216 et
1069 2149 1221 2216 finalium.

199 2265 254 2330 Ex
278 2265 406 2352 scriptis
430 2267 526 2334 etiam
543 2265 740 2350 juvenilibus
764 2263 872 2329 videre
893 2265 984 2345 licet,
1015 2262 1220 2328 Aristotelem

200 2397 273 2440 eum
289 2375 376 2440 haud
399 2375 629 2462 contempsisse
645 2385 679 2438 nt
694 2374 749 2438 alii
770 2373 855 2438 illius
878 2373 1042 2460 temporis,
1057 2373 1113 2460 qni
1128 2371 1219 2437 illum

200 2507 366 2572 nunquam
389 2484 544 2571 legerant.

287 2597 360 2662 Jam
388 2595 422 2660 in
452 2595 674 2662 dissertatione
703 2595 743 2661 de
773 2595 930 2683 principio
958 2593 1221 2660 individuitatis

147 2769 151 2778 ,
201 2705 261 2772 snb
278 2706 426 2793 praeside
443 2706 467 2774 J
468 2708 561 2772 acobi
577 2708 746 2773 Thomasii
760 2708 893 2773 defensa
901 2706 927 2795 ⁹)
949 2730 1049 2795 quum
1065 2705 1221 2794 originem

202 2820 493 2887 controversiarum
516 2842 536 2883 a
558 2819 755 2886 scholasticis
771 2819 985 2885 exercitorum
1001 2817 1221 2906 exponeretw)

202 2930 243 2996 ad
266 2929 475 2996 Aristotelem
498 2929 594 2996 etiam
616 2931 793 3017 spectavit3
823 2929 974 3018 quodque
996 2931 1029 2994 in
1052 2929 1221 2996 corollario

202 3052 295 3106 sexto
331 3041 467 3126 legimus
497 3040 621 3124 (Erdm.
645 3057 676 3128 p.
697 3039 732 3127 5)
761 3041 921 3124 „hominis
952 3042 1055 3107 solum
1086 3064 1150 3107 una
1176 3048 1222 3106 est

202 3151 325 3234 anima,
353 3173 435 3240 quae
462 3151 677 3239 vegetativam
707 3164 739 3218 et
769 3153 955 3218 sensitivam
977 3152 1156 3220 virtualiter
1177 3151 1221 3216 in·

203 3261 331 3327 cludat“
353 3262 535 3328 Aristotelis
551 3273 614 3332 est:
641 3264 688 3335 οἷς
700 3264 758 3350 μὲν
774 3265 835 3351 γὰρ
852 3265 985 3353 ὑπάρχει
999 3265 1146 3350 λογισμός
1161 3267 1220 3329 τῶν

203 3429 405 3439 ----.

284 3530 308 3596 ⁸)
325 3549 383 3599 opp.
400 3533 505 3586 Dntens.
523 3542 583 3586 tom.
600 3533 632 3586 V.
650 3551 676 3600 p.
694 3535 752 3588 447.

284 3619 306 3686 ⁹)
324 3619 418 3670 scheda
428 3621 501 3687 apud
519 3619 598 3674 Guhr.
617 3619 668 3670 vita
683 3619 717 3672 n.
735 3617 777 3672 58.
796 3635 854 3684 app.

273 3705 310 3772 1⁰)
328 3704 408 3760 Guhr.
425 3705 475 3757 rite
491 3705 533 3757 val
549 3704 569 3756 1.
585 3721 610 3770 p.
628 3706 669 3758 27.
