<?xml version="1.0" encoding="UTF-8"?>
<!DOCTYPE html PUBLIC "-//W3C//DTD XHTML 1.0 Transitional//EN"
    "http://www.w3.org/TR/xhtml1/DTD/xhtml1-transitional.dtd">
<html xmlns="http://www.w3.org/1999/xhtml" xml:lang="en" lang="en">
 <head>
  <title>
</title>
<meta http-equiv="Content-Type" content="text/html;charset=utf-8" />
  <meta name='ocr-system' content='tesseract 3.04.00' />
  <meta name='ocr-capabilities' content='ocr_page ocr_carea ocr_par ocr_line ocrx_word'/>
</head>
<body>
  <div class='ocr_page' id='page_1' title='image "./deleibnitiistud00jacogoog_0009.png"; bbox 0 0 2818 4160; ppageno 0'>
   <div class='ocr_carea' id='block_1_1' title="bbox 610 177 802 239">
    <p class='ocr_par' dir='ltr' id='par_1_1' title="bbox 610 177 802 239">
     <span class='ocr_line' id='line_1_1' title="bbox 610 177 802 239; baseline 0 -15"><span class='ocrx_word' id='word_1_1' title='bbox 610 177 802 239; x_wconf 70' lang='lat'><em>..2-</em></span> 
     </span>
    </p>
   </div>
   <div class='ocr_carea' id='block_1_2' title="bbox 193 340 1221 2323">
    <p class='ocr_par' dir='ltr' id='par_1_2' title="bbox 194 340 1220 1320">
     <span class='ocr_line' id='line_1_2' title="bbox 196 340 1216 428; baseline 0.013 -21"><span class='ocrx_word' id='word_1_2' title='bbox 196 340 292 408; x_wconf 93' lang='lat' dir='ltr'><strong>etiam</strong></span> <span class='ocrx_word' id='word_1_3' title='bbox 315 343 551 428; x_wconf 83' lang='lat' dir='ltr'>rejiciebantur.</span> <span class='ocrx_word' id='word_1_4' title='bbox 596 343 691 410; x_wconf 89' lang='lat' dir='ltr'><strong>Multi</strong></span> <span class='ocrx_word' id='word_1_5' title='bbox 724 346 808 410; x_wconf 90' lang='lat' dir='ltr'><strong>enim</strong></span> <span class='ocrx_word' id='word_1_6' title='bbox 842 369 884 413; x_wconf 88' lang='lat' dir='ltr'><strong>ex</strong></span> <span class='ocrx_word' id='word_1_7' title='bbox 912 350 1111 417; x_wconf 82' lang='lat' dir='ltr'><strong>scholasticis</strong></span> <span class='ocrx_word' id='word_1_8' title='bbox 1141 377 1216 421; x_wconf 91' lang='lat' dir='ltr'><strong>cum</strong></span> 
     </span>
     <span class='ocr_line' id='line_1_3' title="bbox 195 454 1219 554; baseline 0.013 -35"><span class='ocrx_word' id='word_1_9' title='bbox 195 463 341 520; x_wconf 89' lang='lat' dir='ltr'><strong>veterum</strong></span> <span class='ocrx_word' id='word_1_10' title='bbox 364 454 627 543; x_wconf 89' lang='lat' dir='ltr'><strong>philosophorum</strong></span> <span class='ocrx_word' id='word_1_11' title='bbox 656 455 819 524; x_wconf 80' lang='lat' dir='ltr'><strong>doctrinas</strong></span> <span class='ocrx_word' id='word_1_12' title='bbox 847 459 912 526; x_wconf 91' lang='lat' dir='ltr'><strong>suis</strong></span> <span class='ocrx_word' id='word_1_13' title='bbox 941 484 998 548; x_wconf 91' lang='lat' dir='ltr'><strong>per</strong></span> <span class='ocrx_word' id='word_1_14' title='bbox 1027 462 1092 528; x_wconf 90' lang='lat' dir='ltr'><strong>vim</strong></span> <span class='ocrx_word' id='word_1_15' title='bbox 1122 488 1219 554; x_wconf 91' lang='lat' dir='ltr'><strong>saepe</strong></span> 
     </span>
     <span class='ocr_line' id='line_1_4' title="bbox 197 565 1219 662; baseline 0.013 -32"><span class='ocrx_word' id='word_1_16' title='bbox 197 565 479 649; x_wconf 69' lang='lat' dir='ltr'><strong>commodassent,</strong></span> <span class='ocrx_word' id='word_1_17' title='bbox 513 577 549 632; x_wconf 91' lang='lat' dir='ltr'><strong>ut</strong></span> <span class='ocrx_word' id='word_1_18' title='bbox 582 590 656 633; x_wconf 89' lang='lat' dir='ltr'><strong>cum</strong></span> <span class='ocrx_word' id='word_1_19' title='bbox 683 569 875 637; x_wconf 88' lang='lat' dir='ltr'><strong>christianae</strong></span> <span class='ocrx_word' id='word_1_20' title='bbox 905 571 979 638; x_wconf 89' lang='lat' dir='ltr'><strong>fidei</strong></span> <span class='ocrx_word' id='word_1_21' title='bbox 1013 572 1219 662; x_wconf 80' lang='lat' dir='ltr'><strong>dogmatibus</strong></span> 
     </span>
     <span class='ocr_line' id='line_1_5' title="bbox 196 677 1220 774; baseline 0.014 -33"><span class='ocrx_word' id='word_1_22' title='bbox 196 677 416 742; x_wconf 81' lang='lat' dir='ltr'><strong>consentirent</strong></span> <span class='ocrx_word' id='word_1_23' title='bbox 439 700 577 765; x_wconf 89' lang='lat' dir='ltr'><strong>cumque</strong></span> <span class='ocrx_word' id='word_1_24' title='bbox 600 679 646 744; x_wconf 87' lang='lat' dir='ltr'><strong>ita</strong></span> <span class='ocrx_word' id='word_1_25' title='bbox 674 691 799 746; x_wconf 89' lang='lat' dir='ltr'><strong>veteres</strong></span> <span class='ocrx_word' id='word_1_26' title='bbox 827 682 1035 772; x_wconf 89' lang='lat' dir='ltr'><strong>philosophos</strong></span> <span class='ocrx_word' id='word_1_27' title='bbox 1063 686 1220 774; x_wconf 88' lang='lat' dir='ltr'><strong>iuterpre-</strong></span> 
     </span>
     <span class='ocr_line' id='line_1_6' title="bbox 195 787 1219 879; baseline 0.012 -27"><span class='ocrx_word' id='word_1_28' title='bbox 195 787 369 854; x_wconf 89' lang='lat' dir='ltr'><strong>tationibus</strong></span> <span class='ocrx_word' id='word_1_29' title='bbox 398 787 463 852; x_wconf 91' lang='lat' dir='ltr'><strong>suis</strong></span> <span class='ocrx_word' id='word_1_30' title='bbox 497 789 647 854; x_wconf 77' lang='lat' dir='ltr'><strong>contusos</strong></span> <span class='ocrx_word' id='word_1_31' title='bbox 669 789 858 879; x_wconf 84' lang='lat' dir='ltr'><strong>ineptusque</strong></span> <span class='ocrx_word' id='word_1_32' title='bbox 891 793 977 859; x_wconf 88' lang='lat' dir='ltr'><strong>haud</strong></span> <span class='ocrx_word' id='word_1_33' title='bbox 1010 818 1084 861; x_wconf 85' lang='lat' dir='ltr'><strong>raro</strong></span> <span class='ocrx_word' id='word_1_34' title='bbox 1113 797 1219 864; x_wconf 89' lang='lat' dir='ltr'><strong>reddi-</strong></span> 
     </span>
     <span class='ocr_line' id='line_1_7' title="bbox 199 898 1217 987; baseline 0.013 -25"><span class='ocrx_word' id='word_1_35' title='bbox 199 898 321 964; x_wconf 81' lang='lat' dir='ltr'><strong>dissent</strong></span> <span class='ocrx_word' id='word_1_36' title='bbox 341 898 521 987; x_wconf 90' lang='lat' dir='ltr'><strong>mirumque</strong></span> <span class='ocrx_word' id='word_1_37' title='bbox 542 899 575 964; x_wconf 89' lang='lat' dir='ltr'><strong>in</strong></span> <span class='ocrx_word' id='word_1_38' title='bbox 599 899 731 966; x_wconf 90' lang='lat' dir='ltr'><strong>modum</strong></span> <span class='ocrx_word' id='word_1_39' title='bbox 754 924 882 969; x_wconf 89' lang='lat' dir='ltr'><strong>sensum</strong></span> <span class='ocrx_word' id='word_1_40' title='bbox 906 904 1126 973; x_wconf 79' lang='lat' dir='ltr'><strong>doctrinarum</strong></span> <span class='ocrx_word' id='word_1_41' title='bbox 1143 909 1217 976; x_wconf 87' lang='lat' dir='ltr'><strong>Ari-</strong></span> 
     </span>
     <span class='ocr_line' id='line_1_8' title="bbox 195 1009 1219 1101; baseline 0.012 -28"><span class='ocrx_word' id='word_1_42' title='bbox 195 1009 318 1076; x_wconf 87' lang='lat' dir='ltr'><strong>stotelis</strong></span> <span class='ocrx_word' id='word_1_43' title='bbox 340 1009 484 1076; x_wconf 90' lang='lat' dir='ltr'><strong>Platonis</strong></span> <span class='ocrx_word' id='word_1_44' title='bbox 507 1009 746 1100; x_wconf 78' lang='lat' dir='ltr'><strong>depravassent,</strong></span> <span class='ocrx_word' id='word_1_45' title='bbox 769 1013 846 1101; x_wconf 92' lang='lat' dir='ltr'><strong>quid</strong></span> <span class='ocrx_word' id='word_1_46' title='bbox 861 1016 987 1100; x_wconf 87' lang='lat' dir='ltr'><strong>mirum,</strong></span> <span class='ocrx_word' id='word_1_47' title='bbox 1011 1019 1219 1086; x_wconf 87' lang='lat' dir='ltr'><strong>scholastico·</strong></span> 
     </span>
     <span class='ocr_line' id='line_1_9' title="bbox 195 1121 1216 1218; baseline 0.008 -32"><span class='ocrx_word' id='word_1_48' title='bbox 195 1144 266 1186; x_wconf 93' lang='lat' dir='ltr'><strong>rum</strong></span> <span class='ocrx_word' id='word_1_49' title='bbox 289 1144 414 1186; x_wconf 90' lang='lat' dir='ltr'><strong>errores</strong></span> <span class='ocrx_word' id='word_1_50' title='bbox 437 1132 470 1186; x_wconf 90' lang='lat' dir='ltr'><strong>et</strong></span> <span class='ocrx_word' id='word_1_51' title='bbox 491 1121 626 1208; x_wconf 82' lang='lat' dir='ltr'><strong>ineptius</strong></span> <span class='ocrx_word' id='word_1_52' title='bbox 648 1124 811 1190; x_wconf 88' lang='lat' dir='ltr'><strong>veteribus</strong></span> <span class='ocrx_word' id='word_1_53' title='bbox 834 1149 904 1192; x_wconf 89' lang='lat' dir='ltr'><strong>esse</strong></span> <span class='ocrx_word' id='word_1_54' title='bbox 926 1127 1112 1214; x_wconf 91' lang='lat' dir='ltr'><strong>imputatos,</strong></span> <span class='ocrx_word' id='word_1_55' title='bbox 1136 1152 1216 1218; x_wconf 85' lang='lat' dir='ltr'><strong>quos</strong></span> 
     </span>
     <span class='ocr_line' id='line_1_10' title="bbox 194 1231 997 1320; baseline 0.001 -23"><span class='ocrx_word' id='word_1_56' title='bbox 194 1231 348 1320; x_wconf 87' lang='lat' dir='ltr'><strong>perpauci</strong></span> <span class='ocrx_word' id='word_1_57' title='bbox 371 1232 519 1320; x_wconf 88' lang='lat' dir='ltr'><strong>cognitos</strong></span> <span class='ocrx_word' id='word_1_58' title='bbox 541 1232 728 1298; x_wconf 75' lang='lat' dir='ltr'><strong>habebant?</strong></span> <span class='ocrx_word' id='word_1_59' title='bbox 994 1299 997 1308; x_wconf 16' lang='grc' dir='ltr'><em>κ</em></span> 
     </span>
    </p>

    <p class='ocr_par' dir='ltr' id='par_1_3' title="bbox 193 1339 1220 1988">
     <span class='ocr_line' id='line_1_11' title="bbox 280 1339 1218 1438; baseline 0.006 -30"><span class='ocrx_word' id='word_1_60' title='bbox 280 1339 354 1420; x_wconf 81' lang='lat' dir='ltr'><strong>Quo</strong></span> <span class='ocrx_word' id='word_1_61' title='bbox 376 1344 498 1408; x_wconf 84' lang='lat' dir='ltr'><strong>factum</strong></span> <span class='ocrx_word' id='word_1_62' title='bbox 521 1356 579 1427; x_wconf 88' lang='lat' dir='ltr'><strong>est,</strong></span> <span class='ocrx_word' id='word_1_63' title='bbox 613 1344 703 1410; x_wconf 90' lang='lat' dir='ltr'><strong>utin</strong></span> <span class='ocrx_word' id='word_1_64' title='bbox 724 1345 946 1432; x_wconf 85' lang='lat' dir='ltr'><strong>Aristotelem,</strong></span> <span class='ocrx_word' id='word_1_65' title='bbox 975 1347 1017 1414; x_wconf 87' lang='lat' dir='ltr'><strong>ad</strong></span> <span class='ocrx_word' id='word_1_66' title='bbox 1048 1352 1139 1438; x_wconf 91' lang='lat' dir='ltr'><strong>cujus</strong></span> <span class='ocrx_word' id='word_1_67' title='bbox 1160 1372 1218 1414; x_wconf 93' lang='lat' dir='ltr'><strong>nu·</strong></span> 
     </span>
     <span class='ocr_line' id='line_1_12' title="bbox 193 1453 1219 1548; baseline 0.005 -28"><span class='ocrx_word' id='word_1_68' title='bbox 193 1462 264 1520; x_wconf 88' lang='lat' dir='ltr'><strong>tum</strong></span> <span class='ocrx_word' id='word_1_69' title='bbox 278 1454 567 1542; x_wconf 87' lang='lat' dir='ltr'><strong>auctoritatemque</strong></span> <span class='ocrx_word' id='word_1_70' title='bbox 582 1453 747 1519; x_wconf 91' lang='lat' dir='ltr'><strong>saeculum</strong></span> <span class='ocrx_word' id='word_1_71' title='bbox 762 1455 856 1521; x_wconf 90' lang='lat' dir='ltr'><strong>nimis</strong></span> <span class='ocrx_word' id='word_1_72' title='bbox 873 1458 1021 1538; x_wconf 76' lang='lat' dir='ltr'><strong>servile4)</strong></span> <span class='ocrx_word' id='word_1_73' title='bbox 1034 1483 1117 1548; x_wconf 88' lang='lat' dir='ltr'><strong>aque</strong></span> <span class='ocrx_word' id='word_1_74' title='bbox 1132 1460 1219 1548; x_wconf 82' lang='lat' dir='ltr'><strong>cogi·</strong></span> 
     </span>
     <span class='ocr_line' id='line_1_13' title="bbox 193 1564 1216 1653; baseline 0.001 -22"><span class='ocrx_word' id='word_1_75' title='bbox 193 1566 315 1632; x_wconf 86' lang='lat' dir='ltr'><strong>tatione</strong></span> <span class='ocrx_word' id='word_1_76' title='bbox 343 1565 475 1653; x_wconf 88' lang='lat' dir='ltr'><strong>propria</strong></span> <span class='ocrx_word' id='word_1_77' title='bbox 501 1564 722 1631; x_wconf 82' lang='lat' dir='ltr'><strong>desuefactum</strong></span> <span class='ocrx_word' id='word_1_78' title='bbox 752 1589 786 1630; x_wconf 92' lang='lat' dir='ltr'><strong>se</strong></span> <span class='ocrx_word' id='word_1_79' title='bbox 817 1579 1036 1649; x_wconf 89' lang='lat' dir='ltr'><strong>converterat,</strong></span> <span class='ocrx_word' id='word_1_80' title='bbox 1070 1570 1216 1632; x_wconf 88' lang='lat' dir='ltr'><strong>homines</strong></span> 
     </span>
     <span class='ocr_line' id='line_1_14' title="bbox 195 1675 1218 1764; baseline 0.002 -22"><span class='ocrx_word' id='word_1_81' title='bbox 195 1676 283 1743; x_wconf 89' lang='lat' dir='ltr'><strong>illius</strong></span> <span class='ocrx_word' id='word_1_82' title='bbox 299 1676 452 1762; x_wconf 89' lang='lat' dir='ltr'><strong>temporis</strong></span> <span class='ocrx_word' id='word_1_83' title='bbox 467 1675 602 1763; x_wconf 83' lang='lat' dir='ltr'><strong>indigna</strong></span> <span class='ocrx_word' id='word_1_84' title='bbox 616 1675 846 1742; x_wconf 87' lang='lat' dir='ltr'><strong>inveherentur</strong></span> <span class='ocrx_word' id='word_1_85' title='bbox 860 1676 1092 1760; x_wconf 85' lang='lat' dir='ltr'><strong>maledicentia,</strong></span> <span class='ocrx_word' id='word_1_86' title='bbox 1108 1701 1218 1764; x_wconf 88' lang='lat' dir='ltr'><strong>quam·</strong></span> 
     </span>
     <span class='ocr_line' id='line_1_15' title="bbox 198 1788 1220 1877; baseline 0.002 -23"><span class='ocrx_word' id='word_1_87' title='bbox 198 1789 247 1855; x_wconf 88' lang='lat' dir='ltr'><strong>vis</strong></span> <span class='ocrx_word' id='word_1_88' title='bbox 269 1789 429 1854; x_wconf 87' lang='lat' dir='ltr'><strong>insontem</strong></span> <span class='ocrx_word' id='word_1_89' title='bbox 452 1788 723 1876; x_wconf 84' lang='lat' dir='ltr'><strong>vertiginosarum</strong></span> <span class='ocrx_word' id='word_1_90' title='bbox 747 1788 971 1877; x_wconf 88' lang='lat' dir='ltr'><strong>deceptionum</strong></span> <span class='ocrx_word' id='word_1_91' title='bbox 1000 1788 1141 1874; x_wconf 90' lang='lat' dir='ltr'><strong>imperiti</strong></span> <span class='ocrx_word' id='word_1_92' title='bbox 1163 1790 1220 1856; x_wconf 88' lang='lat' dir='ltr'><strong>ali-</strong></span> 
     </span>
     <span class='ocr_line' id='line_1_16' title="bbox 195 1899 1110 1988; baseline -0.001 -23"><span class='ocrx_word' id='word_1_93' title='bbox 195 1901 287 1988; x_wconf 85' lang='lat' dir='ltr'><strong>cujus</strong></span> <span class='ocrx_word' id='word_1_94' title='bbox 310 1900 490 1967; x_wconf 84' lang='lat' dir='ltr'><strong>claustralis</strong></span> <span class='ocrx_word' id='word_1_95' title='bbox 514 1900 634 1984; x_wconf 89' lang='lat' dir='ltr'><strong>(Leibn.</strong></span> <span class='ocrx_word' id='word_1_96' title='bbox 659 1900 698 1966; x_wconf 92' lang='lat' dir='ltr'><strong>de</strong></span> <span class='ocrx_word' id='word_1_97' title='bbox 721 1899 803 1967; x_wconf 80' lang='lat' dir='ltr'><strong>Stilo</strong></span> <span class='ocrx_word' id='word_1_98' title='bbox 826 1900 932 1967; x_wconf 85' lang='lat' dir='ltr'><strong>Nizol.</strong></span> <span class='ocrx_word' id='word_1_99' title='bbox 954 1924 985 1987; x_wconf 88' lang='lat' dir='ltr'><strong>p.</strong></span> <span class='ocrx_word' id='word_1_100' title='bbox 1000 1900 1039 1964; x_wconf 76' lang='lat'><strong>67</strong></span> <span class='ocrx_word' id='word_1_101' title='bbox 1065 1900 1110 1985; x_wconf 84' lang='lat' dir='ltr'><strong>b.)</strong></span> 
     </span>
    </p>

    <p class='ocr_par' dir='ltr' id='par_1_4' title="bbox 194 2007 1221 2323">
     <span class='ocr_line' id='line_1_17' title="bbox 279 2007 1218 2100; baseline 0 -22"><span class='ocrx_word' id='word_1_102' title='bbox 279 2007 417 2098; x_wconf 84' lang='lat' dir='ltr'><strong>Ingenio</strong></span> <span class='ocrx_word' id='word_1_103' title='bbox 441 2009 570 2100; x_wconf 90' lang='lat' dir='ltr'><strong>quidem</strong></span> <span class='ocrx_word' id='word_1_104' title='bbox 594 2011 727 2096; x_wconf 87' lang='lat' dir='ltr'><strong>Baceni,</strong></span> <span class='ocrx_word' id='word_1_105' title='bbox 752 2012 804 2078; x_wconf 90' lang='lat' dir='ltr'><strong>cui</strong></span> <span class='ocrx_word' id='word_1_106' title='bbox 826 2011 938 2077; x_wconf 88' lang='lat' dir='ltr'><strong>relicta</strong></span> <span class='ocrx_word' id='word_1_107' title='bbox 967 2033 1100 2099; x_wconf 87' lang='lat' dir='ltr'><strong>prorsus</strong></span> <span class='ocrx_word' id='word_1_108' title='bbox 1123 2034 1218 2100; x_wconf 88' lang='lat' dir='ltr'><strong>expe·</strong></span> 
     </span>
     <span class='ocr_line' id='line_1_18' title="bbox 194 2123 1221 2212; baseline -0.002 -22"><span class='ocrx_word' id='word_1_109' title='bbox 194 2123 311 2190; x_wconf 88' lang='lat' dir='ltr'><strong>rientia</strong></span> <span class='ocrx_word' id='word_1_110' title='bbox 335 2124 493 2212; x_wconf 77' lang='lat' dir='ltr'><strong>»spatium</strong></span> <span class='ocrx_word' id='word_1_111' title='bbox 516 2124 722 2190; x_wconf 88' lang='lat' dir='ltr'><strong>scientiarum</strong></span> <span class='ocrx_word' id='word_1_112' title='bbox 744 2146 810 2189; x_wconf 93' lang='lat' dir='ltr'><strong>non</strong></span> <span class='ocrx_word' id='word_1_113' title='bbox 826 2125 1009 2189; x_wconf 82' lang='lat' dir='ltr'><strong>contectum</strong></span> <span class='ocrx_word' id='word_1_114' title='bbox 1025 2125 1145 2208; x_wconf 69' lang='lat' dir='ltr'><strong>uscarl)</strong></span> <span class='ocrx_word' id='word_1_115' title='bbox 1160 2146 1221 2188; x_wconf 91' lang='lat' dir='ltr'><strong>nec</strong></span> 
     </span>
     <span class='ocr_line' id='line_1_19' title="bbox 194 2234 1220 2323; baseline -0.004 -21"><span class='ocrx_word' id='word_1_116' title='bbox 194 2247 344 2304; x_wconf 86' lang='lat' dir='ltr'><strong>naturam</strong></span> <span class='ocrx_word' id='word_1_117' title='bbox 366 2236 459 2302; x_wconf 85' lang='lat' dir='ltr'><strong>aliter</strong></span> <span class='ocrx_word' id='word_1_118' title='bbox 487 2259 583 2323; x_wconf 84' lang='lat' dir='ltr'><strong>quam</strong></span> <span class='ocrx_word' id='word_1_119' title='bbox 612 2234 755 2320; x_wconf 90' lang='lat' dir='ltr'><strong>parendo</strong></span> <span class='ocrx_word' id='word_1_120' title='bbox 779 2235 866 2301; x_wconf 93' lang='lat' dir='ltr'><strong>vinci</strong></span> <span class='ocrx_word' id='word_1_121' title='bbox 893 2236 1020 2321; x_wconf 80' lang='lat' dir='ltr'><strong>posse⁶)</strong></span> <span class='ocrx_word' id='word_1_122' title='bbox 1051 2245 1121 2302; x_wconf 88' lang='lat' dir='ltr'><strong>erat</strong></span> <span class='ocrx_word' id='word_1_123' title='bbox 1148 2257 1220 2321; x_wconf 89' lang='lat' dir='ltr'><strong>per·</strong></span> 
     </span>
    </p>
   </div>
   <div class='ocr_carea' id='block_1_3' title="bbox 196 2343 1224 2540">
    <p class='ocr_par' dir='ltr' id='par_1_5' title="bbox 196 2343 1224 2540">
     <span class='ocr_line' id='line_1_20' title="bbox 196 2343 1220 2434; baseline -0.004 -23"><span class='ocrx_word' id='word_1_124' title='bbox 196 2369 337 2433; x_wconf 88' lang='lat' dir='ltr'><strong>suasum,</strong></span> <span class='ocrx_word' id='word_1_125' title='bbox 360 2350 512 2413; x_wconf 88' lang='lat' dir='ltr'><strong>effectum</strong></span> <span class='ocrx_word' id='word_1_126' title='bbox 534 2355 583 2410; x_wconf 94' lang='lat' dir='ltr'><strong>est</strong></span> <span class='ocrx_word' id='word_1_127' title='bbox 605 2356 641 2410; x_wconf 92' lang='lat' dir='ltr'><strong>ut</strong></span> <span class='ocrx_word' id='word_1_128' title='bbox 657 2356 793 2410; x_wconf 88' lang='lat' dir='ltr'><strong>naturae</strong></span> <span class='ocrx_word' id='word_1_129' title='bbox 806 2343 1087 2434; x_wconf 83' lang='lat' dir='ltr'><strong>investigationem</strong></span> <span class='ocrx_word' id='word_1_130' title='bbox 1111 2343 1220 2408; x_wconf 90' lang='lat' dir='ltr'><strong>obser-</strong></span> 
     </span>
     <span class='ocr_line' id='line_1_21' title="bbox 198 2448 1224 2540; baseline -0.002 -25"><span class='ocrx_word' id='word_1_131' title='bbox 198 2451 427 2540; x_wconf 89' lang='lat' dir='ltr'><strong>vationemque</strong></span> <span class='ocrx_word' id='word_1_132' title='bbox 449 2475 508 2539; x_wconf 91' lang='lat' dir='ltr'><strong>per</strong></span> <span class='ocrx_word' id='word_1_133' title='bbox 535 2450 673 2517; x_wconf 89' lang='lat' dir='ltr'><strong>mediam</strong></span> <span class='ocrx_word' id='word_1_134' title='bbox 708 2461 846 2516; x_wconf 88' lang='lat' dir='ltr'><strong>aetatem</strong></span> <span class='ocrx_word' id='word_1_135' title='bbox 880 2453 1042 2538; x_wconf 86' lang='lat' dir='ltr'><strong>neglectas</strong></span> <span class='ocrx_word' id='word_1_136' title='bbox 1076 2448 1224 2519; x_wconf 84' lang='lat' dir='ltr'><strong>homines</strong></span> 
     </span>
    </p>
   </div>
   <div class='ocr_carea' id='block_1_4' title="bbox 198 2553 1224 2854">
    <p class='ocr_par' dir='ltr' id='par_1_6' title="bbox 198 2553 1224 2854">
     <span class='ocr_line' id='line_1_22' title="bbox 198 2553 1222 2653; baseline -0.003 -23"><span class='ocrx_word' id='word_1_137' title='bbox 198 2587 312 2630; x_wconf 88' lang='lat' dir='ltr'><strong>rursus</strong></span> <span class='ocrx_word' id='word_1_138' title='bbox 334 2564 461 2648; x_wconf 87' lang='lat' dir='ltr'><strong>inirent,</strong></span> <span class='ocrx_word' id='word_1_139' title='bbox 484 2564 542 2631; x_wconf 92' lang='lat' dir='ltr'><strong>sed</strong></span> <span class='ocrx_word' id='word_1_140' title='bbox 564 2563 738 2632; x_wconf 89' lang='lat' dir='ltr'><strong>immodica</strong></span> <span class='ocrx_word' id='word_1_141' title='bbox 760 2553 1053 2653; x_wconf 86' lang='lat' dir='ltr'><strong>experimentorum</strong></span> <span class='ocrx_word' id='word_1_142' title='bbox 1075 2573 1222 2628; x_wconf 87' lang='lat' dir='ltr'><strong>naturae-</strong></span> 
     </span>
     <span class='ocr_line' id='line_1_23' title="bbox 202 2667 1224 2757; baseline -0.007 -23"><span class='ocrx_word' id='word_1_143' title='bbox 202 2667 630 2757; x_wconf 73' lang='lat' dir='ltr'><strong>que-»interpretationisr⁷)</strong></span> <span class='ocrx_word' id='word_1_144' title='bbox 653 2668 773 2737; x_wconf 89' lang='lat' dir='ltr'><strong>fiducia</strong></span> <span class='ocrx_word' id='word_1_145' title='bbox 795 2678 828 2734; x_wconf 88' lang='lat' dir='ltr'><strong>et</strong></span> <span class='ocrx_word' id='word_1_146' title='bbox 843 2668 913 2734; x_wconf 85' lang='lat' dir='ltr'><strong>viae</strong></span> <span class='ocrx_word' id='word_1_147' title='bbox 928 2669 1040 2734; x_wconf 86' lang='lat' dir='ltr'><strong>idealis</strong></span> <span class='ocrx_word' id='word_1_148' title='bbox 1057 2673 1224 2754; x_wconf 86' lang='lat' dir='ltr'><strong>contemtu</strong></span> 
     </span>
     <span class='ocr_line' id='line_1_24' title="bbox 199 2765 1221 2854; baseline -0.006 -18"><span class='ocrx_word' id='word_1_149' title='bbox 199 2769 384 2836; x_wconf 90' lang='lat' dir='ltr'><strong>hominibus</strong></span> <span class='ocrx_word' id='word_1_150' title='bbox 406 2772 536 2838; x_wconf 88' lang='lat' dir='ltr'><strong>servitio</strong></span> <span class='ocrx_word' id='word_1_151' title='bbox 559 2772 701 2837; x_wconf 86' lang='lat' dir='ltr'><strong>liberatis</strong></span> <span class='ocrx_word' id='word_1_152' title='bbox 724 2770 811 2835; x_wconf 86' lang='lat' dir='ltr'><strong>aliud</strong></span> <span class='ocrx_word' id='word_1_153' title='bbox 839 2770 1001 2833; x_wconf 90' lang='lat' dir='ltr'><strong>imminuit</strong></span> <span class='ocrx_word' id='word_1_154' title='bbox 1031 2765 1221 2854; x_wconf 90' lang='lat' dir='ltr'><strong>periculum,</strong></span> 
     </span>
    </p>
   </div>
   <div class='ocr_carea' id='block_1_5' title="bbox 199 2881 1225 3197">
    <p class='ocr_par' dir='ltr' id='par_1_7' title="bbox 199 2881 1225 3197">
     <span class='ocr_line' id='line_1_25' title="bbox 199 2881 914 2952; baseline -0.004 -2"><span class='ocrx_word' id='word_1_155' title='bbox 199 2905 242 2950; x_wconf 90' lang='lat' dir='ltr'><strong>ne</strong></span> <span class='ocrx_word' id='word_1_156' title='bbox 263 2883 298 2948; x_wconf 92' lang='lat' dir='ltr'><strong>iu</strong></span> <span class='ocrx_word' id='word_1_157' title='bbox 319 2883 450 2952; x_wconf 88' lang='lat' dir='ltr'><strong>nimiam</strong></span> <span class='ocrx_word' id='word_1_158' title='bbox 472 2884 653 2951; x_wconf 90' lang='lat' dir='ltr'><strong>inciderent</strong></span> <span class='ocrx_word' id='word_1_159' title='bbox 674 2881 850 2951; x_wconf 88' lang='lat' dir='ltr'><strong>licentiam.</strong></span> <span class='ocrx_word' id='word_1_160' title='bbox 872 2918 914 2931; x_wconf 92' lang='lat'>—</span> 
     </span>
     <span class='ocr_line' id='line_1_26' title="bbox 283 2990 1225 3087; baseline -0.008 -25"><span class='ocrx_word' id='word_1_161' title='bbox 283 2996 451 3072; x_wconf 87' lang='lat' dir='ltr'><strong>Aristoteli</strong></span> <span class='ocrx_word' id='word_1_162' title='bbox 479 3022 553 3063; x_wconf 89' lang='lat' dir='ltr'><strong>curn</strong></span> <span class='ocrx_word' id='word_1_163' title='bbox 583 3021 771 3087; x_wconf 87' lang='lat' dir='ltr'><strong>persuasum</strong></span> <span class='ocrx_word' id='word_1_164' title='bbox 801 2995 859 3076; x_wconf 89' lang='lat' dir='ltr'><strong>sit,</strong></span> <span class='ocrx_word' id='word_1_165' title='bbox 886 3003 1034 3058; x_wconf 88' lang='lat' dir='ltr'><strong>naturam</strong></span> <span class='ocrx_word' id='word_1_166' title='bbox 1068 3013 1134 3056; x_wconf 93' lang='lat' dir='ltr'><strong>non</strong></span> <span class='ocrx_word' id='word_1_167' title='bbox 1162 2990 1225 3055; x_wconf 90' lang='lat' dir='ltr'><strong>nisi</strong></span> 
     </span>
     <span class='ocr_line' id='line_1_27' title="bbox 199 3100 1225 3197; baseline -0.009 -23"><span class='ocrx_word' id='word_1_168' title='bbox 199 3130 315 3174; x_wconf 89' lang='lat' dir='ltr'><strong>causae</strong></span> <span class='ocrx_word' id='word_1_169' title='bbox 327 3109 417 3174; x_wconf 82' lang='lat' dir='ltr'><strong>finali</strong></span> <span class='ocrx_word' id='word_1_170' title='bbox 428 3110 657 3177; x_wconf 89' lang='lat' dir='ltr'><strong>convenienter</strong></span> <span class='ocrx_word' id='word_1_171' title='bbox 669 3107 792 3197; x_wconf 79' lang='lat' dir='ltr'><strong>agere⁸)</strong></span> <span class='ocrx_word' id='word_1_172' title='bbox 804 3116 837 3172; x_wconf 91' lang='lat' dir='ltr'><strong>et</strong></span> <span class='ocrx_word' id='word_1_173' title='bbox 852 3105 979 3172; x_wconf 90' lang='lat' dir='ltr'><strong>entibus</strong></span> <span class='ocrx_word' id='word_1_174' title='bbox 995 3102 1092 3170; x_wconf 89' lang='lat' dir='ltr'><strong>etiam</strong></span> <span class='ocrx_word' id='word_1_175' title='bbox 1106 3100 1225 3166; x_wconf 90' lang='lat' dir='ltr'><strong>infimis</strong></span> 
     </span>
    </p>
   </div>
   <div class='ocr_carea' id='block_1_6' title="bbox 202 3267 1225 3768">
    <p class='ocr_par' dir='ltr' id='par_1_8' title="bbox 202 3267 1225 3428">
     <span class='ocr_line' id='line_1_28' title="bbox 280 3267 1225 3342; baseline -0.011 -16"><span class='ocrx_word' id='word_1_176' title='bbox 280 3274 303 3340; x_wconf 81' lang='lat'><strong>4)</strong></span> <span class='ocrx_word' id='word_1_177' title='bbox 322 3275 368 3342; x_wconf 79' lang='lat' dir='ltr'><strong>,Si</strong></span> <span class='ocrx_word' id='word_1_178' title='bbox 384 3273 550 3330; x_wconf 81' lang='lat' dir='ltr'><strong>Aristotelem</strong></span> <span class='ocrx_word' id='word_1_179' title='bbox 568 3275 671 3342; x_wconf 83' lang='lat' dir='ltr'><strong>culpare</strong></span> <span class='ocrx_word' id='word_1_180' title='bbox 688 3289 892 3339; x_wconf 77' lang='lat' dir='ltr'><strong>praesumemus,</strong></span> <span class='ocrx_word' id='word_1_181' title='bbox 915 3285 990 3336; x_wconf 84' lang='lat' dir='ltr'><strong>quem</strong></span> <span class='ocrx_word' id='word_1_182' title='bbox 1006 3267 1115 3335; x_wconf 82' lang='lat' dir='ltr'><strong>amplius</strong></span> <span class='ocrx_word' id='word_1_183' title='bbox 1133 3267 1161 3318; x_wconf 90' lang='lat' dir='ltr'><strong>in</strong></span> <span class='ocrx_word' id='word_1_184' title='bbox 1177 3267 1225 3318; x_wconf 80' lang='lat' dir='ltr'><strong>hae</strong></span> 
     </span>
     <span class='ocr_line' id='line_1_29' title="bbox 202 3353 1193 3428; baseline -0.004 -16"><span class='ocrx_word' id='word_1_185' title='bbox 202 3366 255 3412; x_wconf 81' lang='lat' dir='ltr'><strong>arte</strong></span> <span class='ocrx_word' id='word_1_186' title='bbox 271 3361 455 3428; x_wconf 82' lang='lat' dir='ltr'><strong>recipiemusl“</strong></span> <span class='ocrx_word' id='word_1_187' title='bbox 492 3360 633 3416; x_wconf 77' lang='lat' dir='ltr'><strong>Abuelard:</strong></span> <span class='ocrx_word' id='word_1_188' title='bbox 651 3359 682 3412; x_wconf 88' lang='lat' dir='ltr'><strong>cf.</strong></span> <span class='ocrx_word' id='word_1_189' title='bbox 700 3361 837 3426; x_wconf 78' lang='lat' dir='ltr'><strong>Ueberueg</strong></span> <span class='ocrx_word' id='word_1_190' title='bbox 856 3355 993 3409; x_wconf 83' lang='lat' dir='ltr'><strong>Gruudriss</strong></span> <span class='ocrx_word' id='word_1_191' title='bbox 1010 3355 1044 3406; x_wconf 91' lang='lat'><strong>11.</strong></span> <span class='ocrx_word' id='word_1_192' title='bbox 1062 3356 1087 3412; x_wconf 79' lang='lat'><strong>2.</strong></span> <span class='ocrx_word' id='word_1_193' title='bbox 1106 3371 1131 3422; x_wconf 83' lang='lat' dir='ltr'><strong>p·</strong></span> <span class='ocrx_word' id='word_1_194' title='bbox 1149 3353 1193 3412; x_wconf 76' lang='lat'><strong>36.</strong></span> 
     </span>
    </p>

    <p class='ocr_par' dir='ltr' id='par_1_9' title="bbox 281 3429 877 3514">
     <span class='ocr_line' id='line_1_30' title="bbox 281 3429 877 3514; baseline 0.005 -18"><span class='ocrx_word' id='word_1_195' title='bbox 281 3441 304 3514; x_wconf 72' lang='lat'><strong>5)</strong></span> <span class='ocrx_word' id='word_1_196' title='bbox 323 3463 416 3497; x_wconf 88' lang='lat' dir='ltr'><strong>novum</strong></span> <span class='ocrx_word' id='word_1_197' title='bbox 433 3463 554 3513; x_wconf 76' lang='lat' dir='ltr'><strong>organum</strong></span> <span class='ocrx_word' id='word_1_198' title='bbox 571 3429 603 3512; x_wconf 81' lang='lat' dir='ltr'><strong>p.¹</strong></span> <span class='ocrx_word' id='word_1_199' title='bbox 614 3445 657 3500; x_wconf 82' lang='lat'><strong>85.</strong></span> <span class='ocrx_word' id='word_1_200' title='bbox 675 3443 782 3496; x_wconf 82' lang='lat' dir='ltr'><strong>Amstel</strong></span> <span class='ocrx_word' id='word_1_201' title='bbox 804 3444 877 3498; x_wconf 83' lang='lat'>1660·</span> 
     </span>
    </p>

    <p class='ocr_par' dir='ltr' id='par_1_10' title="bbox 282 3530 483 3598">
     <span class='ocr_line' id='line_1_31' title="bbox 282 3530 483 3598; baseline 0 -16"><span class='ocrx_word' id='word_1_202' title='bbox 282 3530 304 3597; x_wconf 78' lang='lat'><strong>⁶)</strong></span> <span class='ocrx_word' id='word_1_203' title='bbox 323 3530 379 3582; x_wconf 87' lang='lat' dir='ltr'><strong>eod.</strong></span> <span class='ocrx_word' id='word_1_204' title='bbox 398 3549 423 3598; x_wconf 87' lang='lat' dir='ltr'><strong>p.</strong></span> <span class='ocrx_word' id='word_1_205' title='bbox 443 3533 483 3587; x_wconf 84' lang='lat'><strong>19.</strong></span> 
     </span>
    </p>

    <p class='ocr_par' dir='ltr' id='par_1_11' title="bbox 281 3615 746 3682">
     <span class='ocr_line' id='line_1_32' title="bbox 281 3615 746 3682; baseline -0.009 -14"><span class='ocrx_word' id='word_1_206' title='bbox 281 3615 304 3682; x_wconf 78' lang='lat'><strong>¹¹)</strong></span> <span class='ocrx_word' id='word_1_207' title='bbox 323 3617 379 3668; x_wconf 79' lang='lat' dir='ltr'><strong>eod</strong></span> <span class='ocrx_word' id='word_1_208' title='bbox 397 3633 423 3682; x_wconf 87' lang='lat' dir='ltr'><strong>p.</strong></span> <span class='ocrx_word' id='word_1_209' title='bbox 442 3616 484 3669; x_wconf 78' lang='lat'><strong>26.</strong></span> <span class='ocrx_word' id='word_1_210' title='bbox 503 3633 529 3681; x_wconf 86' lang='lat' dir='ltr'><strong>p·</strong></span> <span class='ocrx_word' id='word_1_211' title='bbox 548 3617 583 3669; x_wconf 86' lang='lat'><strong>34</strong></span> <span class='ocrx_word' id='word_1_212' title='bbox 600 3615 686 3682; x_wconf 84' lang='lat' dir='ltr'><strong>apher.</strong></span> <span class='ocrx_word' id='word_1_213' title='bbox 705 3617 746 3670; x_wconf 77' lang='lat'><strong>26.</strong></span> 
     </span>
    </p>

    <p class='ocr_par' dir='ltr' id='par_1_12' title="bbox 283 3698 871 3768">
     <span class='ocr_line' id='line_1_33' title="bbox 283 3698 871 3768; baseline 0.007 -18"><span class='ocrx_word' id='word_1_214' title='bbox 283 3699 306 3768; x_wconf 80' lang='lat'><strong>⁸)</strong></span> <span class='ocrx_word' id='word_1_215' title='bbox 325 3706 413 3766; x_wconf 83' lang='lat' dir='ltr'><strong>postea</strong></span> <span class='ocrx_word' id='word_1_216' title='bbox 429 3698 532 3751; x_wconf 86' lang='lat' dir='ltr'><strong>uberius</strong></span> <span class='ocrx_word' id='word_1_217' title='bbox 551 3700 704 3752; x_wconf 86' lang='lat' dir='ltr'><strong>disseremus</strong></span> <span class='ocrx_word' id='word_1_218' title='bbox 722 3702 754 3753; x_wconf 88' lang='lat' dir='ltr'><strong>de</strong></span> <span class='ocrx_word' id='word_1_219' title='bbox 771 3701 818 3754; x_wconf 80' lang='lat' dir='ltr'><strong>liae</strong></span> <span class='ocrx_word' id='word_1_220' title='bbox 834 3718 871 3760; x_wconf 83' lang='lat' dir='ltr'><strong>re.</strong></span> 
     </span>
    </p>
   </div>
   <div class='ocr_carea' id='block_1_7' title="bbox 0 0 1421 4160">
    <p class='ocr_par' dir='ltr' id='par_1_13' title="bbox 0 0 1421 4160">
     <span class='ocr_line' id='line_1_34' title="bbox 0 0 1421 4160; baseline 0 0"><span class='ocrx_word' id='word_1_221' title='bbox 0 0 1421 4160; x_wconf 95' lang='lat' dir='ltr'><strong> </strong></span> 
     </span>
    </p>
   </div>
  </div>
 </body>
</html>
