2818 4160
616 167 830 255 ..15ss-

208 381 239 448 p.
256 362 352 427 173α.
378 362 427 428 10.
450 362 467 424 δ
487 360 629 448 μὲνγὰρ
657 361 751 446 νόμος
781 361 860 434 δόξα
887 363 949 426 τῶν
972 362 1111 438 πολλῶν,
1143 361 1171 425 oi
1193 361 1234 425 δὲ

210 475 303 560 σοφοί
325 474 402 538 κατὰ
425 473 516 558 φύσιν
534 523 540 537 .
559 519 566 535 .
582 471 731 556 λέγουσιν.
774 469 965 536 Aristoteles
989 471 1084 554 enim,
1108 481 1144 536 ut
1162 481 1234 554 jem

209 582 408 672 explicemus
430 583 493 665 hie,
515 587 569 668 jus
592 583 687 650 civile
709 581 798 648 aliud
820 583 966 648 naturale
989 605 1060 648 esne
1081 582 1167 648 uliud
1188 583 1237 648 le-

209 695 357 782 gitimum
385 693 495 776 donet,
524 695 669 760 naturale
696 693 816 781 ubique
844 694 985 780 gentium
1012 693 1097 760 idern
1125 694 1236 760 velere

209 821 314 886 unque
344 799 476 863 decreto
503 819 630 878 carere,
659 796 838 884 legitimum
861 807 968 862 nutem
991 796 1032 861 ub
1055 796 1146 862 initio
1168 796 1234 862 hec

209 933 250 974 an
273 909 327 974 illo
350 907 446 975 ruodo
466 909 525 973 fiat
547 907 626 972 nihil
647 909 779 991 referre,
809 907 864 974 ned
887 917 965 974 tune
988 907 1126 991 demum,
1158 921 1234 974 uum

208 1020 307 1086 fuerit
327 1021 536 1086 constitutum
557 1019 619 1090 eth.
643 1019 703 1086 nie.
720 1019 760 1088 V.
784 1021 825 1085 10
847 1043 877 1106 p.
898 1019 1015 1087 1134b.
1038 1023 1092 1084 τοῦ
1120 1021 1157 1084 δὲ
1179 1041 1233 1085 πο-

208 1134 318 1197 λιτικοῦ
342 1132 458 1196 δικαίου
482 1136 515 1196 τὸ
535 1132 594 1217 μὲν
617 1131 746 1217 φυσικόν
768 1131 833 1196 ἐστι
857 1133 891 1196 τὸ
914 1131 951 1196 δὲ
973 1132 1111 1216 νομικόν,
1144 1155 1232 1219 φυσι-

209 1247 262 1308 κὸν
281 1246 340 1329 μὲν
370 1246 405 1308 τδ
433 1247 588 1332 πανταχοῦ
617 1246 671 1331 τὴν
694 1243 789 1332 αὐτὴν
812 1241 882 1332 ἔχον
905 1243 1033 1328 δύναμιν
1055 1245 1104 1308 καί
1125 1243 1161 1307 οδ
1185 1251 1234 1330 τῷ
1367 1249 1368 1260 ’

209 1357 311 1421 δοκεῖν
338 1355 358 1445 ἢ
382 1360 427 1446 μὴ
457 1357 578 1441 νομικὸν
607 1355 644 1419 δὲ
673 1355 690 1418 δ
714 1355 752 1428 ἐξ
771 1356 873 1444 ἀρχῆς
890 1355 949 1440 μὲν
972 1355 1064 1419 οὐδέν
1087 1355 1232 1443 διαφέρει

209 1466 351 1556 οίίτιυςή
374 1467 486 1543 ἄλλως,
508 1468 582 1531 δταν
612 1466 648 1530 δὲ
675 1465 803 1542 θῶνται,
834 1466 988 1554 διαφέρει.
1034 1466 1083 1533 Of.
1111 1466 1190 1534 rhei
1205 1468 1233 1548 I,

212 1580 251 1646 15
274 1579 341 1644 οὐδ’
365 1582 382 1642 ί
405 1582 506 1650 κοινὸς
527 1579 742 1665 (μεταβάλλει)
773 1579 850 1643 κατὰ
873 1579 965 1664 φύσιν
988 1578 1049 1664 γὰρ
1072 1577 1169 1654 ἐστιν,
1203 1579 1234 1640 οἱ

209 1691 246 1754 δὲ
267 1691 476 1777 γεγραμμένοι
495 1693 647 1762 πολλάκις.
671 1691 734 1756 eth.
753 1689 816 1756 nie.
832 1688 928 1754 VIII.
954 1689 994 1754 15
1010 1742 1017 1756 .
1035 1738 1043 1753 .
1061 1737 1068 1754 .
1087 1736 1095 1752 .
1116 1689 1233 1754 δίκαιόν

209 1801 275 1866 ἐστι
296 1801 397 1866 διττάν
420 1803 454 1866 τδ
474 1802 534 1886 μὲν
556 1802 617 1887 γὰρ
639 1801 784 1888 ἄγραφον
800 1803 835 1865 τὸ
858 1801 895 1864 δὲ
917 1802 994 1866 κατὰ
1018 1800 1120 1885 νόμον.
1151 1799 1229 1865 Eun

210 1911 392 1978 rhetorInis·
410 1912 515 1999 legem
543 1911 709 1999 propriam
739 1911 872 1998 singulis
900 1912 985 1976 inter
1011 1910 1098 2000 ipsos
1122 1909 1232 1976 defiui-

209 2035 276 2090 tum
303 2033 335 2090 et
363 2045 567 2089 conmunem
590 2022 768 2092 seeundum
790 2033 940 2088 naturum
963 2021 1139 2111 distinguit,
1161 2043 1232 2089 esee

210 2135 294 2202 enim
307 2135 469 2223 quoddam
483 2135 569 2223 quod
588 2144 786 2222 augurentur
801 2157 913 2200 omues
928 2145 1045 2200 nutura
1060 2155 1231 2200 commune

203 2246 328 2334 justum
351 2257 384 2312 et
399 2245 565 2332 injustum,
590 2247 648 2312 etsi
663 2267 769 2332 neque
785 2245 922 2311 societas
938 2245 1100 2333 sitneque
1115 2246 1231 2333 pantio.
1307 2292 1310 2298 ,

209 2360 304 2424 Rhet.
318 2358 357 2439 L,
382 2359 423 2422 13
451 2359 533 2440 λέγω
561 2357 597 2420 δὲ
624 2358 717 2442 νόμον
740 2358 792 2421 τὸν
806 2358 865 2442 μὲν
887 2356 964 2422 ἴδιον
987 2359 1039 2422 τὸν
1062 2358 1098 2422 δὲ
1120 2357 1230 2432 κοινόν,

209 2469 285 2534 ἴδιον
313 2468 373 2553 μίν
403 2468 455 2532 τὸν
485 2467 628 2538 ἑκάστοις
656 2466 831 2554 ὡρισμένον
864 2469 944 2556 πρὸς
972 2469 1105 2547 αὐτούς,
1133 2470 1232 2534 καινδν

209 2579 246 2645 δὲ
267 2582 319 2643 τὸν
335 2579 528 2666 κατὰφύσιν.
557 2577 621 2644 ἔστι
642 2580 704 2666 γὰρ
721 2579 738 2643 δ
752 2579 960 2664 μαντείονταί
971 2603 998 2646 τι
1013 2583 1128 2652 πάντες
1141 2581 1233 2668 φύσει

208 2692 308 2757 κοινὸν
343 2691 458 2754 δίκαιον
491 2692 540 2754 καί
574 2690 694 2767 ἄδικον,
729 2691 784 2755 κάν
814 2690 953 2779 μηδεμία
983 2691 1126 2756 κοινωνία
1154 2691 1234 2779 πρὸς

208 2801 362 2890 ἀλλήλους
382 2796 405 2890 ᾖ
422 2801 507 2889 μηδὲ
525 2799 666 2892 συνθήκη
681 2803 746 2866 οἷον
768 2803 849 2891 καὶὴ
865 2801 1068 2888 Σοφοκλέους
1083 2802 1231 2890 Ἀντιγόνη

210 2912 353 3001 φαίνεται
375 2913 510 2997 λέγουσα
525 2960 533 2977 .
550 2960 558 2978 .
575 2939 600 2978 κ.
619 2937 644 2978 τ.
660 2913 686 2978 λ.

293 3023 421 3092 Deinde
443 3045 552 3092 nonne
566 3024 751 3090 Aristotelis
773 3024 961 3091 memorium
984 3027 1133 3110 efferunt,
1149 3045 1231 3114 quae

208 3137 389 3205 Leibnitius
417 3137 457 3204 de
480 3137 669 3226 Εδδαιμονίᾳ
694 3147 860 3226 tamquam
882 3137 947 3203 fine
969 3137 1167 3226 reipublicae
1189 3137 1232 3202 iun
1364 3128 1365 3158 ³

209 3249 349 3336 dieitzr)
375 3249 520 3314 »Bonum
538 3250 658 3316 σιἰιίιαιι
672 3251 815 3316 remisiti
830 3251 865 3315 ίιι
880 3249 1059 3339 εὐδαιμονίᾳ
1074 3263 1105 3314 er
1119 3249 1229 3338 αδταρ-

208 3359 276 3448 κείᾳ
299 3383 355 3425 eeu
378 3361 466 3426 bouis
489 3363 595 3427 aurini
614 3375 643 3427 et
657 3361 847 3448 fortunae«

164 3465 167 3471 ’
294 3471 378 3537 Item
406 3473 596 3539 Aristoteles
627 3472 791 3538 civitatem
821 3483 1006 3538 nascentem
1036 3471 1167 3561 quidem
1188 3471 1231 3537 vi-

277 3703 315 3770 ¹⁹)
333 3704 355 3771 ι.
373 3705 407 3761 76
424 3721 488 3758 non
505 3705 580 3758 men.
598 3722 624 3774 p.
643 3705 693 3760 roe
712 3703 752 3756 eu
770 3702 853 3757 unu.
964 3729 967 3736 ι
