2818 4160
592 149 874 263 -usq

184 369 302 434 cicutas
316 367 480 454 pendeant
502 393 523 434 a
543 367 699 449 finalibus
721 380 751 431 ct
772 368 964 455 spiritualia
993 369 1060 432 sciit
1088 379 1229 431 actura

180 480 297 566 precra
312 479 508 563 (Aristotelis
530 479 686 565 πρότερον
708 483 748 566 τῇ
771 479 881 565 φύσει,
897 502 918 544 a
940 478 1087 544 sensibus
1109 500 1228 543 remo-

183 591 246 656 tius
270 593 476 679 ποῤῥώτερον
505 595 561 678 τῆς
588 587 771 679 αἰσθήσεως
797 590 880 655 anal.
908 599 991 676 post.
1022 582 1086 674 12)
1114 603 1222 654 mate-

187 701 360 770 cialibus«

269 812 347 879 Jam
369 813 429 879 sub
451 812 558 901 ipsum
576 813 744 878 transitum
760 813 801 877 ad
824 821 964 878 mortem
977 811 1220 899 Christophoro

185 925 356 1004 Wolfiofl)
380 923 498 1006 scribit,
523 947 556 990 se
579 947 652 990 eum
676 947 714 988 ec
737 923 841 1011 magis
856 923 1035 1005 aestimare,
1051 945 1117 1011 quo
1133 947 1231 1011 pau··

187 1035 292 1102 ciores
315 1036 389 1120 sint,
411 1035 467 1122 qui
490 1045 632 1100 veterem
656 1033 836 1100 doctrinam
859 1034 967 1100 colant
990 1034 1045 1114 (cl.
1075 1033 1212 1112 introd)

188 1147 364 1214 sententias
391 1159 498 1214 autem
526 1148 793 1236 philosophorum
822 1146 1023 1214 Graecorum
1044 1169 1100 1211 ex
1133 1145 1214 1234 ipsis

187 1259 262 1325 clici
283 1259 426 1324 lontibus
449 1259 591 1324 studium
613 1270 723 1324 censet
746 1259 824 1324 utile
848 1256 1051 1343 rudpoudus
1066 1255 1213 1320 dandum

186 1371 277 1434 cocis
298 1371 504 1452 veritatibus,
528 1393 611 1457 quae
625 1369 817 1456 pierumque
838 1369 980 1454 antiquis
1002 1369 1212 1456 conspirent«

188 1483 296 1570 Atque
326 1482 360 1547 in
388 1484 489 1548 altera
517 1482 653 1570 epistula
674 1483 758 1547 1712
789 1484 839 1548 18.
856 1481 930 1548 Oct.
961 1481 1107 1561 (DutrV
1133 1479 1211 1562 448)

190 1615 306 1680 »saepe
324 1594 443 1681 optavi,
463 1603 588 1660 veteres
606 1592 744 1660 Aristo
755 1593 854 1658 telis
870 1593 1062 1680 interpretes
1075 1592 1111 1656 ¹in
1128 1613 1212 1656 ccm-

188 1704 342 1791 pendium
373 1704 530 1770 contrahi.
576 1702 642 1770 sed
668 1703 764 1768 hodie
792 1703 940 1769 nesciunt
968 1703 1130 1786 homines,
1157 1701 1213 1768 ali·
1336 1770 1339 1794 Ι

189 1813 267 1901 quid
296 1815 330 1877 in
359 1813 421 1878 illis
449 1815 548 1879 lutere
577 1813 659 1878 scitu
687 1813 850 1898 dignum«
875 1853 918 1864 -
944 1813 1008 1880 Jto
1032 1813 1210 1880 Leibnit'ius

188 1924 222 1989 in
250 1924 430 1998 eruditione
459 1949 500 1992 ex
530 1949 594 2014 qua
621 1925 888 2013 proficiscebatur
918 1945 1022 2012 usque
1048 1925 1090 1989 ad
1128 1924 1210 1990 vitae

188 2035 287 2102 finem
310 2028 494 2124 permansit.
530 2038 605 2125 Ipse
627 2037 660 2102 in
676 2037 850 2125 specimine
866 2037 1036 2124 dynamicc
1052 2041 1212 2122 receptam

188 2158 279 2214 etot
301 2149 418 2214 seculis
440 2149 675 2236 philosophiam
698 2148 989 2235 Peripateticorum
1012 2147 1139 2214 censuit
1160 2170 1213 2212 ex-

189 2260 371 2347 plicandam
395 2261 503 2347 potius
526 2283 596 2328 esse
618 2260 775 2348 novisque
804 2258 993 2324 veritatibus
1020 2258 1211 2346 augendam,

190 2395 286 2458 quem
309 2371 524 2458 rejiciendam.
572 2369 638 2450 (Of.
662 2392 744 2456 quae
767 2393 865 2456 supra
887 2370 1075 2448 attulimus.)
1113 2370 1207 2435 Anno

191 2482 274 2547 1716
298 2483 338 2546 14
359 2503 457 2547 mens.
483 2480 567 2547 Nov.
591 2491 728 2546 mortem
746 2481 825 2547 chiit
847 2479 897 2546 vi'r
919 2505 1068 2568 magnus.

273 2589 410 2657 Etiamsi
435 2592 537 2657 multa
559 2601 649 2676 sunt,
678 2615 762 2679 quae
783 2591 972 2658 Leihnitiusl
990 2616 1057 2658 nou
1080 2603 1147 2657 tam
1167 2592 1210 2656 in-

189 2701 314 2768 venerit
341 2725 440 2790 quem
469 2704 654 2770 instaurarit
681 2715 714 2768 et
734 2703 922 2790 perfecerit,
951 2712 1059 2769 tamen
1082 2703 1123 2768 de
1145 2704 1211 2788 ejus

188 2812 337 2879 laudibus
359 2814 439 2879 nihil
462 2813 587 2879 detrahi
604 2823 725 2901 potest.
759 2812 863 2896 Suum
886 2813 972 2878 enim
987 2821 1037 2880 est
1051 2813 1208 2899 ingenium

188 2919 269 2992 illud
296 2924 455 3008 divinum,
485 2939 550 3011 quo
573 2945 685 2988 omnes
708 2924 815 2989 radios
837 2926 871 2990 in
893 2925 1048 2990 doctrinis
1070 2927 1208 3013 priorum

188 3036 350 3123 fulgentes
378 3035 412 3100 in
434 3057 534 3100 unum
552 3044 717 3121 tamquam
740 3045 886 3101 centrum
905 3035 1127 3124 philosophiae
1150 3035 1207 3102 col·

188 3145 274 3232 legit.
306 3146 437 3212 Nemini
459 3146 770 3232 profectoresseclae
787 3146 919 3214 serviles
941 3147 1117 3214 odiosiores
1140 3158 1208 3226 suut

190 3279 286 3351 quam
309 3256 526 3342 Lemnius)
548 3267 583 3322 at
606 3280 673 3352 uon
702 3258 807 3324 minus
830 3259 871 3324 ab
893 3259 931 3324 iis
959 3259 1128 3340 abhorret
1157 3258 1205 3345 qui

258 3534 296 3602 ⁴⁷)
314 3533 344 3586 ol.
363 3549 440 3600 supra
456 3533 547 3586 introd.
564 3546 623 3598 opp.
640 3531 700 3586 Dut.
713 3531 746 3595 V,
764 3535 823 3588 447.
996 3593 998 3600 ,

257 3621 293 3690 ⁴⁸)
313 3623 385 3688 „Quo
405 3621 493 3689 (nimio
516 3637 551 3674 so.
574 3627 600 3670 et
624 3619 711 3670 servili
732 3619 758 3670 in
781 3617 942 3685 philosophie
959 3619 1042 3672 studio
1062 3621 1106 3686 (cl.
1127 3625 1201 3673 noete

189 3708 255 3760 ura
263 3706 341 3762 atam
352 3708 448 3762 Onitae.
467 3723 525 3776 opp.
537 3707 598 3760 Dut.
609 3704 643 3762 V.
661 3703 725 3772 393)
749 3703 814 3756 nihil
825 3706 904 3773 mgis
922 3703 1044 3774 profectui
1055 3705 1201 3764 aarum
