2818 4160
556 121 766 187 -31-

143 292 295 358 definitio
326 291 412 356 enim
442 303 491 357 est
525 290 720 379 principium
756 289 1093 382 demonstrationis.⁴⁹)
1124 333 1169 350 -

140 405 304 471 Jamvero
332 426 417 468 anno
443 405 526 468 1670
544 403 666 467 -Nizolii
687 403 804 468 librhtn
828 403 868 468 de
889 405 973 468 veris
1002 409 1171 496 principiis

142 527 180 580 et
204 537 283 580 vera
305 513 429 579 ratione
444 511 732 600 philosophandi’l)
751 513 851 579 edidit
866 524 898 579 et
914 513 1172 583 dissertationem

142 626 191 691 de
215 625 289 690 stilo
319 625 541 711 philosophico
569 624 689 690 Nizolii
717 605 871 710 scripsit.¹
906 624 1006 711 Oujus
1042 625 1172 712 quidam

146 735 388 822 philosophiam
410 735 502 822 parvi
524 735 719 818 aestimavit,
734 735 809 800 cum
824 739 926 823 prope
941 737 974 802 in
990 735 1061 824 ipso
1077 747 1172 825 partu

145 848 397 914 suffocationem
417 871 518 935 aeque
539 847 689 936 effugerit
711 848 777 935 (57.
799 849 830 914 b.
846 848 972 934 Erdm.)
989 849 1046 914 sed
1062 847 1176 913 landet

148 983 227 1024 eum
250 958 337 1047 quod
360 981 485 1024 summa
507 957 729 1045 diligentiaid
751 960 867 1046 egerit,
898 970 934 1026 ut
964 957 1075 1025 omnes
1103 981 1175 1024 ver-

147 1071 400 1157 borum'spinae
422 1093 463 1136 ex
486 1093 564 1156 egro
587 1070 807 1158 philosophico
826 1071 1041 1137 avellerentur
1055 1071 1110 1154 (65
1125 1070 1174 1149 b.)
1224 1147 1227 1152 Ι

147 1184 206 1248 Ex
217 1184 378 1250 erroribus
393 1184 543 1270 vitiisque
555 1184 673 1249 Nizolii
688 1184 890 1271 potissimum
904 1183 1174 1271 vituperationem

150 1294 314 1360 Leibnitio
330 1295 447 1359 mereri
461 1295 588 1360 videtur
600 1294 832 1378 maledicentia,
845 1318 910 1383 qua
920 1294 953 1359 in
965 1294 1173 1360 Aristotelem

155 1405 301 1494 aliosque
314 1416 439 1470 veteres
456 1405 497 1470 sit
507 1404 660 1486 invectris,
673 1429 809 1492 quorum
821 1407 854 1469 in
866 1405 992 1492 scriptis
1003 1406 1174 1471 innumera

154 1514 221 1580 sint
243 1516 376 1602 egregia
398 1518 586 1602 praesertim
609 1525 690 1602 quae
706 1515 775 1603 ipso
791 1516 975 1581 Aristotelis
990 1527 1082 1580 textu
1098 1537 1172 1580 eon-

150 1627 328 1712 tineantur3
353 1627 417 1714 (65.
442 1629 506 1711 67.)
531 1627 680 1692 nimirum
703 1628 778 1714 quia
801 1627 1064 1692 scholasticorum
1093 1627 1173 1694 vitia

112 1746 114 1749 ’
150 1739 319 1804 Aristoteli
342 1739 515 1824 imputarit.
560 1739 665 1825 Saepe
688 1739 785 1804 etiam
807 1738 952 1803 Ninolius
976 1737 1174 1804 conviciato-

151 1849 241 1914 ribus
263 1849 361 1914 fidem
384 1848 549 1914 dedit-taut
571 1873 701 1914 sensum
715 1849 900 1914 Aristotelis
922 1872 987 1912 non
1010 1849 1087 1914 satis
1101 1872 1172 1937 per-

150 1960 260 2044 spexit
287 1950 380 2043 cujus¹
406 1959 464 2022 rei¹
484 1960 631 2046 exempla
658 1961 838 2024 afferamus.
884 1958 1028 2025 Nizolius
1050 1960 1174 2025 Aristo·

155 2070 253 2134 telem
274 2068 493 2156 reprehendit,
524 2069 610 2154 quod
632 2070 713 2133 caeli
735 2069 883 2134 ardorem
904 2071 1013 2134 Deum
1039 2093 1109 2134 esse
1131 2070 1176 2134 di-

144 2180 248 2244 serit.
294 2179 606 2262 Leibnitius⁵1thoo
634 2203 699 2244 non
727 2179 851 2243 nisiab
877 2179 1031 2266 imperitis
1053 2180 1176 2246 Aristo·

137 2290 247 2370 toleti
270 2291 368 2356 tribui
388 2311 483 2378 posse
505 2290 591 2357 dicit.
639 2289 707 2369 Qui
725 2289 827 2354 eredit
848 2291 1051 2355 Aristotelem
1073 2291 1106 2356 in
1128 2315 1177 2356 oe-

156 2404 205 2466 ric
232 2404 301 2466 artie
328 2405 476 2488 operibor
499 2405 602 2468 Deum
631 2404 812 2490 appellasse
833 2409 936 2489 καῦμα
958 2405 1092 2492 οὐρανοῦ
1111 2427 1172 2493 per

155 2513 219 2576 vim
250 2513 341 2576 codis
375 2515 516 2598 ineptam
547 2529 577 2580 et
610 2519 741 2581 stultum
774 2514 927 2583 obtrudit.
979 2515 1174 2597 Nizoliusffl)

155 2624 362 2692 Aristotelem
378 2625 481 2690 credit
504 2637 649 2710 »praeter
664 2627 726 2690 alia
741 2647 823 2712 quae
839 2612 1047 2712 peccareritr·
1063 2629 1097 2692 in
1121 2625 1174 2692 de-

145 2736 332 2832 scribendis
356 2736 526 2824 categoriis
550 2739 615 2802 suis
630 2739 724 2804 ctiam
738 2738 798 2805 hoo
814 2750 983 2826 peccatum
998 2736 1175 2819 admisisse,
1282 2757 1283 2760 ’

158 2849 242 2935 qnod
265 2849 515 2937 praetermiserit
538 2849 735 2938 categoriam
757 2871 882 2914 causae.
927 2849 1081 2915 »Nam-si
1104 2848 1176 2936 qnis

157 2960 247 3026 abeo
263 2972 398 3048 quaerat
419 2961 452 3026 in
475 2965 621 3048 quanam
637 2960 799 3048 categoria
820 2961 986 3026 haeceint
1010 2980 1099 3024 »csse
1114 2958 1175 3023 Pc-

157 3069 322 3152 lycleteum
349 3095 420 3137 csse
448 3075 697 3154 marmoreum«
712 3075 903 3158 ‘numquam
930 3071 1008 3156 ipse
1030 3088 1099 3134 sese
1121 3092 1176 3136 ex-

225 3287 262 3351 to)
282 3288 397 3358 dialogus
415 3289 448 3342 de
465 3287 657 3342 connexione..
676 3289 751 3342 1677.
771 3287 808 3352 (p
825 3288 860 3343 76
876 3285 948 3352 Ero)

226 3371 762 3442 Qmfflmffihfflw.m
842 3405 846 3416 .
946 3437 949 3445 .

225 3455 1176 3526 Mmmmmfflmfflmmffiwpffipffiffim

158 3542 385 3610 mpwffl.
644 3551 648 3558 '
739 3543 790 3572 ³¹
922 3553 924 3561 ⁴
1154 3532 1159 3562 ³

221 3629 917 3701 &mmlmpstftwmrw
