2818 4160
556 193 770 258 ..69-

154 366 201 432 ita
224 363 349 447 dividit,
378 373 415 430 ut
437 385 541 430 omne
554 362 641 452 quod
662 384 754 428 mens
778 361 919 449 concipit
941 365 1055 430 anteit
1077 367 1178 443 odola,

154 475 350 551 substantia,
382 483 439 540 aut
468 473 501 540 in
529 474 726 556 substantia,
765 473 915 540 accidens
946 475 1180 563 συμβεβηκότα.

153 587 282 652 Decem
311 584 491 672 categorias
514 586 736 652 enumeratio
767 609 873 672 κατηγ.
897 583 934 650 0.
957 585 987 652 4.
1013 589 1074 649 τῶν
1104 589 1182 654 κατὰ

150 697 309 787 μηδεμίαν
332 699 509 785 συμπλοκὴν
525 697 672 780 (nexum)
694 696 871 781 λεγομένων
894 695 1109 785 ἕκαστανῆται
1131 697 1179 759 ori·

157 809 227 876 σίαν
242 809 384 897 πημαίνει
405 808 538 896 &noodr
557 805 741 894 (quantum)
764 805 783 895 ἢ
806 809 892 872 ποιὸν
916 807 1035 894 (quale)
1058 806 1078 896 ἢ
1102 807 1182 892 πρός

159 944 188 985 τι
210 920 350 1001 (relatio)
372 920 392 1008 t>
416 921 474 984 ποῦ
496 918 606 1007 dauri
627 917 647 1006 ἢ
669 915 791 982 κεῖσθαι
813 917 920 1000 (situs)
947 918 966 1006 ἢ
990 916 1069 1009 ἔχειν
1084 917 1104 1007 ἢ
1120 941 1183 982 παι·
1231 977 1233 982 .

160 1033 205 1096 εἴν
227 1030 246 1118 ἢ
269 1032 407 1120 πάσχειν.

247 1140 377 1206 Deinde
397 1139 541 1206 Lookius
564 1139 693 1221 fallitur,
717 1163 817 1228 quum
840 1138 1023 1205 Aristotelis
1039 1140 1182 1226 regulae,

161 1274 246 1340 quae
277 1251 443 1339 praecipit,
476 1242 509 1316 in
543 1251 728 1338 syllogismo
752 1250 839 1317 haud
869 1263 956 1318 recte
985 1274 1079 1338 posse
1108 1275 1182 1319 oon·
1232 1317 1234 1322 .

162 1363 259 1446 eludi,
282 1363 309 1428 si
331 1362 526 1450 praemissae
549 1363 613 1427 sint
640 1363 851 1449 particulares
882 1385 1009 1438 omnes,
1038 1385 1182 1430 errorem

161 1474 274 1542 eredat
296 1474 408 1542 inesse.
454 1474 558 1539 Immo
587 1474 621 1538 in
651 1474 799 1540 omnibus
829 1473 1025 1561 syllogismis
1054 1484 1182 1562 oportet

159 1587 300 1675 aliquem
322 1588 495 1654 terminum
517 1609 586 1654 esse
609 1585 832 1652 universaliter
855 1585 1068 1652 affirmantem
1086 1584 1188 1674 (nE.¹

157 1699 218 1782 IV,
241 1700 290 1781 17,
313 1722 344 1786 p.
360 1700 452 1784 398);
477 1699 517 1766 ol.
543 1698 763 1766 Aristotelem:
798 1697 842 1763 ἔτι
872 1721 906 1763 τε
936 1698 969 1762 ἐν
996 1700 1106 1763 ἅπαντι
1134 1697 1186 1762 δεῖ

159 1813 420 1898 κατηγορικόν
455 1835 521 1878 τινα
555 1816 617 1876 τῶν
650 1813 735 1898 ὅρων
767 1811 843 1876 εἶναι
872 1813 920 1874 καὶ
948 1812 982 1874 τὸ
1012 1808 1185 1876 καθόλου

162 1923 311 2008 ὑπάρχειν
334 1922 424 1985 ἄνευ
447 1924 507 2008 γὰρ
531 1926 584 1984 τοῦ
608 1921 743 1986 καθόλου
767 1922 859 2008 ἢούκ
881 1921 967 1985 ἔσται
982 1923 1186 2008 συλλογισμὸς

160 2031 180 2119 ἢ
204 2030 239 2092 od
262 2032 342 2116 πρὸς
364 2032 397 2093 τὸ
421 2030 559 2114 κείμενον
580 2029 600 2118 ἢ
624 2032 658 2092 τὸ
681 2031 718 2102 ἐξ
738 2032 839 2119 ἀρχῆς
860 2033 1018 2118 αἰτήσεται
1038 2031 1071 2114 (ἱ.
1088 2053 1116 2096 e.
1132 2054 1186 2117 pe·

161 2141 233 2206 titio
257 2139 418 2228 principii)
446 2140 529 2206 anal.
553 2163 601 2227 pr.
624 2141 650 2223 I,
674 2142 723 2226 24.

247 2246 376 2318 Eodem
390 2253 463 2318 loco
480 2249 662 2318 Leibnitius
686 2273 720 2316 se
743 2251 819 2316 olim
841 2249 1002 2314 indicasse
1018 2249 1187 2333 (autrefois

160 2389 194 2452 p.
211 2362 326 2450 398b.)
349 2363 529 2452 profitetur,
554 2363 761 2456 Aristotelem
783 2363 933 2430 habuisse
961 2386 1019 2427 cur
1047 2352 1111 2427 non
1140 2359 1187 2430 uti

162 2475 261 2560 vulgo
284 2474 450 2538 enuntient
473 2475 690 2566 concluderet,

316 2607 381 2650 non
403 2584 517 2670 itaaB
533 2595 582 2649 est
597 2586 633 2667 C,
736 2584 807 2650 sed:
831 2585 857 2652 C
881 2595 928 2650 est
950 2585 984 2648 in
1006 2585 1034 2650 B

483 2695 635 2774 Am&
827 2695 1034 2762 BmmA

370 2829 449 2893 ergo
470 2785 644 2890 W
720 2832 798 2898 ergo
823 2811 850 2878 O
873 2824 922 2878 est
944 2811 976 2876 in
1000 2813 1040 2877 A.

164 2916 299 3009 Spectat
320 2921 470 2988 nimirum
487 2920 528 2989 ad
546 2922 772 2990 »difficultates
788 2923 937 3009 logicas«,
961 2922 1078 3010 quibus
1097 2920 1190 3006 »Art

164 3031 302 3114 stotelee,
324 3031 438 3119 inquit,
462 3033 530 3120 ipse
551 3035 637 3100 viam
651 3035 933 3100 idealem-seoutus
956 3033 1093 3115 videtur,
1114 3055 1190 3108 nam

108 3167 110 3173 ·
165 3137 244 3204 dicit
278 3142 394 3208 animal
427 3142 547 3208 inesse
565 3144 687 3210 homini
721 3168 838 3231 nempe
865 3144 1031 3210 notionem
1052 3141 1189 3226 notioni,

167 3272 267 3338 quum
287 3253 364 3317 alias
387 3256 492 3342 potius
515 3255 661 3333 homiues
683 3256 781 3320 insint
796 3256 1005 3321 animalibus«
1024 3261 1069 3341 (p.
1085 3254 1146 3320 103
1156 3255 1187 3322 b.

165 3361 301 3448 Erdm.).
363 3366 551 3434 Aristoteles
598 3391 639 3434 ex
678 3367 774 3434 trium
813 3366 1025 3432 terminorum
1063 3367 1189 3446 ratione

165 3481 252 3540 tres
275 3476 440 3543 constituit
461 3479 581 3565 figuras
604 3489 636 3546 et
657 3479 691 3546 in
714 3477 870 3548 divisione
885 3477 1044 3565 principio
1060 3477 1188 3548 interno
1297 3496 1299 3501 ’

166 3586 407 3676 subsumtionis,
429 3590 516 3677 quod
538 3603 664 3674 vocant,
688 3591 857 3672 notionum
878 3589 1051 3658 nitebatur.
1061 3589 1100 3670 4³)
1187 3644 1189 3652 .

176 3767 179 3778 ,
234 3719 503 3788 emarcescente.
522 3719 649 3789 „logisehe
666 3717 909 3788 Untersnohungen“
930 3720 1005 3776 1862.
1023 3717 1056 3770 IL
1075 3717 1134 3778 810·
