2818 4160
602 158 817 224 ..52-

197 329 336 398 haeserit
359 329 418 417 (e’y
441 343 488 394 eet
510 328 636 394 attacks
656 330 732 412 eto.)
754 328 846 416 qussi
869 351 935 394 non
963 328 1025 396 uisi
1047 329 1252 418 proverbiis

198 440 383 508 ratiocinari
405 441 553 508 voluerit.

288 553 456 636 Veremur‚
478 577 520 620 ne
543 553 726 620 Leibnitius
748 553 809 620 bac
833 554 873 619 de
889 577 925 619 re
940 554 1155 620 Aristotelem
1171 555 1243 619 im-

196 666 314 732 merito
337 664 521 760 accusarit..
540 663 663 730 Verum
678 664 809 752 quidem
823 675 881 745 est,
906 664 1114 730 Aristotelem
1130 687 1242 753 saepe

199 778 240 843 ab
272 775 477 863 opinionibus
509 775 677 840 bominum
711 785 742 841 et
774 775 970 863 proverbiis,
999 799 1081 843 voce
1104 776 1237 862 populi,

196 887 375 976 proficisci3
407 909 469 952 nec
501 887 608 952 minus
642 887 823 975 probabilia
844 887 1011 953 Aristoteli
1040 910 1112 954 esse
1142 909 1236 975 quae

200 999 348 1065 omnibus
364 997 535 1065 videantur
550 999 602 1064 vel
617 999 778 1086 plerisque
793 998 846 1064 vel
862 998 1069 1084 sapientibus.
1085 1010 1151 1086 top.
1164 999 1191 1080 Ι,
1214 1000 1232 1062 1

196 1108 311 1183 ἔνδοξα
334 1109 371 1174 δὲ
393 1111 431 1174 τὰ
453 1110 604 1174 δοκοῦντα
628 1114 718 1174 πᾶσιν
741 1109 761 1198 ἢ
784 1113 849 1180 τοῖς
870 1109 1065 1198 adclamari)
1088 1113 1154 1180 τοῖς
1175 1133 1231 1172 σο-

196 1223 272 1306 φοῖς
292 1223 340 1284 καί
361 1221 479 1292 τούτοις
501 1220 521 1310 ἢ
544 1226 635 1284 πᾶσιν
657 1220 677 1308 ἢ
701 1225 766 1291 τοῖς
787 1221 940 1291 πλείστοις
961 1221 981 1310 ἢ
1004 1226 1070 1292 τοῖς
1088 1222 1230 1306 μάλιστα

193 1331 364 1418 γνωρίμοις
385 1334 434 1396 καί
455 1331 603 1405 ἐνδόξοις.

284 1439 350 1508 Sed
372 1443 447 1529 quia
469 1442 651 1529 topicorum
675 1443 876 1530 propositum
900 1463 970 1508 esse
994 1441 1138 1508 declarat
1158 1465 1227 1506 me-

194 1553 330 1620 thodum
352 1553 508 1635 invenire,
532 1559 624 1640 cujus
648 1574 709 1638 ope
733 1553 772 1619 de
796 1554 884 1618 omni
907 1554 1073 1642 proposito
1095 1554 1227 1641 proble-

193 1675 279 1731 mate
303 1687 343 1730 ex
366 1663 586 1749 probabilibus
609 1665 734 1752 possint
757 1663 951 1732 concludere
973 1668 1052 1754 *p
1073 1665 1133 1751 μὲν
1148 1665 1224 1752 πρό·

193 1773 284 1845 θεσις
305 1780 365 1864 τῆς
377 1776 591 1860 πραγματείας
601 1774 742 1859 μέθοδον
760 1777 873 1863 εόρείν,
890 1777 945 1863 ἀφ’
965 1777 1005 1867 ἧς
1019 1773 1224 1866 δονγσόμεθα

195 1885 432 1969 συλλογίζεσθαι
455 1888 526 1971 περὶ
548 1888 667 1957 παντὸς
685 1885 740 1951 τοῦ
767 1886 978 1974 προτεθέντος
999 1881 1242 1978 προβλήματος

194 1996 233 2070 ἐξ
253 1995 391 2072 ἐνδόξων
420 1997 465 2062 ibi
494 1995 583 2064 initio
607 2033 648 2047 -
670 1998 862 2064 Aristoteles
886 1998 959 2065 ideo
982 2001 1113 2065 minime
1135 2009 1218 2066 ratas

197 2109 366 2198 opiniones
388 2110 460 2176 illas
482 2111 580 2176 habet
601 2133 662 2176 nec
684 2110 820 2176 artificia
842 2111 1019 2198 sophistica
1034 2109 1219 2178 dialecticae

197 2219 391 2287 adminiculo
408 2221 513 2305 docet,
529 2215 642 2288 verum
665 2221 698 2285 id
715 2221 782 2309 agit
795 2231 841 2288 -ut
863 2222 1039 2288 multorum
1063 2221 1215 2309 opinioni-

192 2331 254 2398 bus
277 2334 471 2398 enumeratis
496 2355 537 2398 ex
560 2332 699 2418 propriis
722 2332 888 2398 sententiis
903 2333 978 2398 illae
995 2333 1218 2398 examinentur

194 2442 345 2529 quodque
367 2465 433 2508 non
455 2454 543 2508 recte
566 2442 687 2511 dictum
704 2441 852 2508 videatur
874 2445 1056 2510 refellatur:
1081 2446 1138 2516 τὰς
1158 2449 1216 2510 τίον

193 2555 315 2619 πολλῶν
338 2552 601 2642 κατηριθμημένα
623 2555 722 2630 δόξας
742 2555 798 2622 οὐκ
819 2556 854 2620 ἐκ
876 2563 937 2620 τῶν
960 2555 1131 2643 ἀλλοτρίων
1155 2553 1217 2619 ἀλλ’

193 2665 229 2729 ἐκ
257 2668 319 2728 τῶν
342 2665 461 2730 οἰκείων
491 2667 657 2752 δογμοίτιον
681 2669 869 2757 όμιλήσομεν
892 2669 973 2753 πρὸς
994 2667 1110 2738 αὐτοὺς
1127 2687 1216 2752 μετα-

191 2777 382 2861 βιβάζοντες
399 2779 445 2842 ότι
468 2779 505 2842 ἂν
517 2782 562 2868 μὴ
578 2780 682 2850 καλῶς
698 2777 867 2864 φαίνωνται
881 2779 980 2862 λέγειν
995 2778 1177 2867 ἡμῖνπαρΙ,
1187 2777 1213 2859 2,

192 2913 223 2977 p.
249 2891 308 2955 101
327 2912 355 2957 a.
413 2889 570 2955 Homines
605 2913 704 2977 quum
744 2889 936 2955 sententiam
963 2891 1214 2975 generatonis

192 3000 381 3068 inductione
414 3000 620 3087 singularium
655 2999 714 3065 sibi
734 3000 872 3088 lingant
902 3001 1067 3088 (πρότασις
1092 2999 1216 3074 ἔνδοξος

192 3113 274 3179 rhet.
297 3114 324 3196 I,
348 3116 392 3196 2),
416 3111 671 3202 propositionem
699 3121 809 3176 autem
840 3134 882 3177 ex
910 3110 1097 3177 inductione
1126 3111 1213 3176 'colle-

193 3233 278 3290 ctam
305 3223 496 3290 Aristoteles
527 3221 661 3310 perinde
695 3233 791 3310 atque
814 3221 1038 3304 Leibnitius³⁶)
1070 3219 1213 3309 imperf·

194 3343 280 3400 ctam
300 3333 457 3414 hebuerit,
481 3333 689 3422 perspicuum
712 3343 770 3415 est,
800 3333 932 3398 minime
954 3332 1163 3398 Aristotelem
1182 3332 1210 3394 in

194 3443 398 3532 opinionibus
420 3443 545 3511 levibus
568 3444 636 3510 sine
652 3443 807 3510 examine
822 3441 1023 3529 acquievisse
1040 3441 1097 3507 ssd
1112 3463 1211 3507 emen·

197 3595 399 3614 ud——nd—n-

253 3685 301 3756 fflss)
319 3686 349 3739 cl.
368 3687 401 3740 de
417 3689 475 3741 stilo
494 3705 577 3756 supra.
599 3703 672 3738 nour.
693 3683 771 3736 essais
790 3681 834 3733 IV.
854 3697 873 3734 c.
895 3683 936 3736 ll.
