2818 4160
610 167 821 234 ..79-

202 341 314 406 dentia
335 341 403 405 Dei
419 353 518 426 atque
540 338 781 404 mortalitate
804 339 930 404 animae
951 361 1013 404 non
1030 339 1146 424 optime
1160 359 1227 404 sen·

201 455 257 536 tit,
285 453 423 518 nimium
453 452 593 516 tribuere
621 451 747 537 coqitur
773 450 848 514 huic
874 449 970 516 citae.
1015 449 1056 514 ln
1077 449 1227 516 Politicis

200 576 308 628 antem
335 576 364 628 et
385 561 567 627 Rhetoricis
589 564 691 647 plane
720 574 833 648 reqnat
861 559 1049 626 Aristoteles
1078 561 1227 647 lonqeque

198 695 307 739 omnes
336 675 459 739 Veteres
478 685 552 760 poet
573 695 606 738 se
631 672 787 758 relinquit
814 674 874 758 qui
901 671 947 738 ad
971 695 1028 738 nos
1043 693 1225 758 pervertere.

138 873 140 876 Ι
201 785 244 850 In
264 785 416 850 hmanas
432 807 553 870 quoque
567 783 701 868 affectus
713 783 877 870 profunde
897 786 980 850 satis
994 785 1226 869 introspeaisse

200 893 335 962 uidetur.
370 895 414 960 At
437 896 471 959 in
492 917 611 982 orqano
633 897 789 980 specimen
804 895 954 981 profecto
977 893 1083 960 edidit
1104 893 1230 980 inqenii

200 1007 315 1094 maqni
332 1005 654 1091 enoens'endarumque
674 1007 847 1070 veritatum
875 1007 1100 1072 abstrusorum
1122 1019 1152 1070 st
1174 1003 1225 1070 de

197 1119 465 1184 monstrationem
487 1118 627 1204 capacis.
673 1118 760 1182 Nam
782 1118 870 1182 siut
892 1117 985 1182 oredo
1008 1117 1049 1182 ab
1072 1119 1143 1202 ipso
1154 1117 1224 1203 pri·

196 1250 284 1292 mum
304 1242 433 1315 reperta
455 1241 531 1293 sunt
553 1227 747 1293 theoremata
777 1227 838 1294 illa
867 1227 906 1292 de
926 1227 1051 1314 formis
1081 1228 1224 1293 enuntia-

199 1340 322 1404 tionum
344 1353 374 1404 et
399 1338 663 1426 sqlloqismorum,
695 1337 865 1422 fatendum
899 1353 945 1404 est
975 1361 1042 1402 rem
1074 1363 1225 1424 maqnam

189 1452 401 1537 praestitisse
419 1451 519 1530 jactis
548 1451 699 1515 scientiae
728 1451 820 1516 illius
841 1451 963 1536 primis
985 1449 1223 1536 fundamentis,

194 1584 277 1648 quae
300 1576 441 1628 caeteras
463 1585 567 1626 omnes
581 1561 809 1648 quodammodo
832 1563 956 1626 onomat
978 1574 1007 1625 et
1029 1573 1132 1626 certas
1153 1559 1225 1624 red

195 1673 255 1739 dit.
298 1674 348 1739 De
378 1688 448 1738 arte
479 1685 582 1738 tamen
612 1675 686 1760 epea
719 1673 900 1738 inveniendi
925 1687 954 1738 et
983 1671 1226 1738 deneonstrandi

195 1807 258 1848 non
280 1787 361 1850 satis
384 1784 530 1870 liquidas
545 1787 686 1850 notiones
701 1785 851 1851 hahuisse
865 1785 1001 1868 uidetur,
1022 1784 1223 1871 quodposte-
1317 1873 1320 1878 1

194 1897 288 1958 riora
309 1897 377 1981 ejus
398 1897 571 1984 Analyts'ca
591 1898 674 1960 satis
696 1896 872 1981 ostendunt,
895 1919 1029 1984 querum
1042 1908 1221 1982 praecepta

198 2005 334 2070 obscura
354 2009 436 2072 satis
457 2023 486 2074 et
508 2009 648 2093 confusa
670 2022 744 2072 sunt
758 2009 909 2094 nullaque
925 2007 1138 2095 exemplorum
1154 2011 1220 2074 lnce

192 2117 358 2200 juvantur,
381 2118 457 2184 adeo
480 2134 516 2184 ut
537 2119 636 2185 multi
656 2119 870 2206 peripatetici
895 2141 956 2184 non
988 2117 1120 2200 indocti,
1150 2140 1221 2182 amn

77 2285 81 2290 ,
153 2304 156 2311 Ι
195 2227 317 2292 nullum
337 2231 529 2315 potissimae
557 2231 648 2294 illius
678 2232 717 2294 ah
747 2230 920 2295 Aristotele
950 2229 1140 2294 decantatae
1168 2228 1219 2293 de-

185 2342 432 2406 monstrationis
455 2341 632 2428 exemplum
655 2343 690 2406 in
711 2343 781 2430 ipso
798 2341 970 2408 Aristotele
992 2342 1133 2406 e'reuenire
1154 2341 1222 2406 sihi

192 2448 387 2532 videreretur,
403 2450 599 2516 crediderint
613 2452 719 2518 ideam
734 2454 897 2540 quandam
911 2454 1110 2518 sublimioris
1121 2454 1219 2518 scien·

196 2560 261 2624 tiae
277 2558 505 2645 philosophum
525 2587 699 2651 preponere
720 2565 868 2646 coluisse,
892 2587 973 2649 quae
994 2589 1096 2652 supra
1111 2566 1219 2630 huma-

191 2693 268 2734 nam
301 2682 418 2734 sortem
444 2675 557 2758 posita
588 2691 677 2742 essct.
721 2676 762 2740 In
795 2699 856 2761 quo
890 2678 936 2741 eis
963 2699 1027 2742 non
1053 2678 1218 2758 assentior,

187 2804 316 2868 possem
339 2783 422 2848 enom
443 2785 603 2852 ostendere
625 2790 792 2852 innumera
814 2788 958 2874 exempla
981 2787 1219 2852 dernonstratio-

189 2915 282 2976 num,
311 2895 427 2981 quibus
454 2896 680 2964 Aristotelicae
706 2899 904 2972 ¹conditiones
932 2913 1015 2963 reete
1043 2897 1218 2961 intellectae

191 2997 366 3080 quadrant,
397 3023 588 3086 quamquam
609 3001 758 3088 fortasse
785 3001 975 3067 Aristoteles
1009 3002 1078 3084 ipsc
1105 3023 1216 3064 earnm

189 3107 255 3170 vim
275 3131 336 3174 non
350 3112 433 3176 satis
449 3111 650 3195 intellecerit,
665 3137 740 3178 nam
756 3114 815 3178 ubi
825 3114 964 3177 manime
979 3110 1222 3176 demonstrandi

192 3215 277 3282 locus
300 3234 377 3303 erat,
400 3222 452 3286 ihi
469 3223 604 3288 minimo
621 3223 830 3307 demonstrat,
861 3239 891 3289 et
919 3223 1046 3288 alieubi
1069 3247 1135 3287 sese
1156 3248 1218 3289 non

192 3316 361 3386 admodum
384 3324 418 3387 in
440 3325 680 3391 Mathematicis
702 3340 862 3391 versatum
884 3325 1030 3394 ostendit.
1074 3326 1217 3416 Physica

193 3431 377 3497 Aristotelis
397 3436 519 3520 tropica
542 3450 602 3501 est:
623 3439 795 3526 qeneralis,
817 3438 932 3521 media,
957 3441 1117 3524 specialia
1156 3439 1215 3504 (le-

190 3543 312 3608 neralis
336 3543 430 3608 libris
451 3548 627 3613 Acroaseos
642 3550 830 3633 continetur,
853 3552 913 3636 qui
926 3550 998 3616 licet
1013 3551 1143 3637 confuse
1158 3549 1214 3614 ad·

188 3653 317 3716 modum
337 3655 457 3738 scripti
476 3657 541 3722 sint
563 3672 592 3721 et
614 3659 727 3722 inania
750 3661 905 3744 quaedam
936 3662 1091 3728 evanidas
1116 3659 1215 3725 subti-
