2818 4160
638 155 851 220 „14-

190 401 201 423 ι
228 327 328 413 poian
364 338 470 390 mestre
502 347 565 410 qao¹
594 323 763 390 debellatis
800 324 885 390 odr't'n
923 327 1044 392 veritas
1077 322 1268 414 ¹trr’mrrplra-

236 437 353 519 br't.«²¹)
386 433 518 514 Quoein
533 435 615 500 libro
630 435 685 500 illo
700 435 837 522 vestigia
847 437 1054 504 Aristotelian
1073 437 1182 502 videre
1204 459 1268 504 no-

236 546 286 612 bis
308 547 475 612 videamur
496 547 612 634 partim
635 547 688 613 hio
709 548 827 634 partim
849 547 913 612 elio
939 548 1152 614 indicabimus
1174 549 1267 616 loeo.

233 698 277 708 -
299 659 396 724 lnitio
426 658 533 724 statim
566 659 672 747 operis
698 659 921 746 (pnrs1.§2)
953 655 1094 724 definitio
1127 658 1262 724 habitus
1327 652 1330 655 ’

234 770 278 836 ad
299 769 481 836 Aristotelis
497 753 566 844 ἕξιν
589 780 692 836 vocat.

322 883 448 950 Definit
472 883 652 951 Leibnitius
680 884 820 972 quidem,
851 884 972 972 opendr'
992 883 1266 973 promtitadr’rrem

239 992 440 1080 adquisitam
458 1008 703 1082 permanentem.

322 1106 514 1173 Aristoteles
547 1107 581 1172 in
609 1106 771 1194 qualitatis
804 1107 973 1192 speciebus
1007 1107 1107 1174 refert
1140 1109 1203 1180 ἑξιν
1232 1116 1270 1172 et

236 1215 380 1282 etatem
395 1217 541 1282 habitum
559 1227 591 1282 et
606 1217 859 1304 dispositionem,
883 1241 1019 1305 querum
1037 1217 1180 1290 διαθεσις
1194 1241 1268 1284 ιιιιι-

239 1327 343 1393 tabilis
369 1338 400 1394 et
422 1329 596 1410 transiens,
624 1331 690 1403 ἕξις
710 1339 817 1393 autem
839 1351 1032 1416 permanens
1054 1339 1103 1396 est
1125 1340 1158 1393 et
1179 1340 1266 1394 tarn·
1329 1312 1331 1316 ¹

237 1463 336 1527 quom
371 1450 462 1506 aetus
495 1439 642 1505 habentis
676 1451 709 1506 et
737 1439 838 1504 habiti
855 1489 887 1508 ..
918 1440 964 1506 ita
997 1451 1029 1506 et
1057 1452 1179 1505 vestem
1208 1439 1266 1504 hn-

246 1551 351 1617 bentis
379 1562 412 1617 et
433 1551 530 1618 vestis
552 1551 679 1617 habitae
702 1563 750 1617 est
778 1550 902 1616 medius
931 1550 1059 1617 habitus
1081 1552 1145 1616 οἷον
1173 1549 1265 1637 ἐνέρ-

239 1667 315 1748 γειά
341 1689 386 1734 τις
412 1667 466 1728 τοῦ
490 1663 616 1752 ἔχοντος
637 1667 685 1727 καὶ
706 1663 903 1752 ἐχομένου..
926 1663 1010 1728 οὕτω
1032 1666 1080 1728 καὶ
1103 1667 1156 1728 τοῦ
1179 1661 1267 1752 ἔχον-

247 1799 302 1846 τος
320 1774 441 1862 ἐσθῆτα
462 1777 510 1838 καὶ
533 1781 590 1864 τῆς
605 1775 755 1864 ἐχομένης
768 1773 904 1864 ἐσθῆτος
918 1774 983 1840 ἔστι
1000 1776 1120 1861 μεταξὺ
1142 1775 1215 1848 ἕξις.
1222 1772 1266 1861 ⁹¹)

242 1883 327 1950 Cum
356 1895 465 1950 eutem
492 1886 668 1950 amatorie
688 1909 820 1972 prorsus
843 1886 885 1951 sit
906 1886 1025 1968 olisna,
1053 1899 1119 1951 non¹
1142 1895 1178 1950 ut
1198 1885 1265 1950 tra-

240 1995 332 2069 stsarc
357 1997 427 2083 ipse
457 1997 618 2064 contrario
647 2019 665 2060 e
697 2019 731 2062 se
758 1996 898 2089 gignere
919 2007 1034 2085 potest,
1063 1996 1171 2084 itaque
1200 1998 1266 2071 ἑξις

246 2111 391 2198 ἐνεργειᾳ
418 2131 515 2197 quam
537 2109 667 2195 δυναμει
692 2109 834 2197 propior.
843 2109 882 2190 28)
900 2175 905 2180 ,
923 2109 972 2176 Of.
995 2109 1059 2175 eth.
1081 2109 1144 2176 nio.
1159 2107 1211 2189 V„
1235 2110 1264 2173 1.

243 2219 301 2288 Sic
323 2221 488 2305 Aristoteli
513 2220 614 2286 virtus
643 2227 693 2286 est
714 2223 779 2296 ἑξις
800 2221 876 2304 (eth.
898 2220 961 2286 nie.
976 2219 1021 2288 ΙΙ.
1043 2221 1088 2303 6),
1117 2219 1201 2306 quse
1223 2240 1266 2284 ex

244 2332 352 2398 multis
375 2330 555 2396 actionibus
584 2353 744 2419 saepeque
766 2329 888 2396 iteretis
916 2329 1054 2416 profluit.
1102 2331 1153 2396 Ae
1176 2351 1265 2417 pree·

249 2441 335 2506 elsre
358 2439 487 2529 quidem
513 2463 533 2506 a
559 2440 721 2507 Leibnitio
749 2443 814 2516 ἕξις
840 2441 1023 2509 Aristotelis
1052 2441 1114 2509 elio
1143 2441 1263 2521 100024)

245 2551 373 2618 reddite
394 2562 442 2618 est
463 2561 583 2620 »status
601 2551 808 2620 confirmatus
825 2604 832 2619 .
850 2599 882 2630 .,
913 2553 1120 2620 confirmatus
1136 2553 1265 2641 inquom

250 2686 317 2730 non
349 2673 386 2728 ut
422 2663 540 2730 mutari
569 2687 634 2731 non
662 2665 765 2752 possit
793 2665 850 2730 sed
879 2687 945 2730 non
972 2664 1068 2730 facile
1093 2675 1130 2730 ut
1155 2664 1265 2751 possit.

249 2773 300 2844 Cf.
325 2776 420 2841 etiam
449 2774 671 2841 adnotationes
696 2776 779 2841 1670
807 2774 942 2860 scriptas
974 2775 1007 2840 in
1031 2773 1128 2838 Marii
1149 2774 1265 2840 Nizolii

248 2886 519 2968 Antiberbarum,
559 2884 614 2949 nbi
647 2883 689 2950 ad
728 2880 1136 2970 »Aristotelomastigisr²⁵)
1170 2881 1265 2946 verba

251 2997 398 3063 »habitus
433 3005 481 3062 est
512 2995 641 3062 effectio
676 2993 906 3060 exercitatione
938 2992 984 3058 ita
1016 2991 1204 3058 confirmate
1235 3001 1265 3056 et
1370 2979 1371 2984 ἵ

248 3131 383 3176 manens
409 3117 446 3174 ut
472 3105 534 3172 nisi
561 3125 682 3192 magns
709 3127 783 3170 oum
813 3103 999 3170 difficultate
1027 3111 1187 3170 mutetur«
1212 3101 1263 3168 o'd-

318 3326 353 3390 Ἡ)
372 3325 427 3380 eod.
446 3342 471 3391 p.
491 3325 547 3380 143.

320 3412 357 3478 22)
375 3412 452 3462 Arist.
469 3413 578 3479 metaph.
596 3411 641 3474 IV,
659 3412 701 3465 20.
746 3421 749 3426 '

319 3496 355 3561 2³)
376 3497 594 3564 'l'rendelenburgr
614 3498 646 3548 de
663 3498 746 3549 enims
763 3504 893 3549 comment.
912 3511 937 3561 p.
956 3494 1016 3549 311,

321 3583 359 3646 24)
378 3579 453 3648 ἀριιᾶ,
464 3581 630 3634 Trendslenb.
642 3583 714 3646 „hist
724 3582 818 3634 Beitr.“
830 3582 862 3634 11.
873 3582 937 3642 2655
951 3581 982 3634 de
991 3597 1041 3648 que
1050 3579 1106 3633 loeo
1114 3578 1179 3630 infre
1187 3576 1263 3628 etiem

320 3667 358 3735 25)
378 3668 410 3720 ds
427 3667 485 3719 stilo
502 3667 596 3718 Nirolii
612 3686 638 3735 p.
656 3669 689 3724 68
706 3669 730 3720 b.
748 3667 808 3720 nrt
