2818 4160
563 135 605 154 ..
649 35 776 166 49³-

155 269 234 358 agit,
253 270 356 340 altera
371 272 503 358 patitur,
520 289 617 337 unam
634 270 834 358 eandemque
849 269 971 337 habent
985 273 1201 366 λντελεχειιιν.Ι

158 380 251 460 Quae
273 382 334 448 etsi
356 405 540 470 repugnare
564 391 782 466 agnoscuntur
804 393 913 448 tamen
929 389 1138 470 repugnantia
1151 388 1184 452 in

161 494 231 578 ipso
249 503 344 559 motu
363 505 558 578 ponuntur.»
575 529 615 540 -
626 529 669 542 «-
682 491 753 558 Nec
776 490 864 580 quod
879 491 1088 560 Aristotelem
1103 509 1186 562 ente·

158 603 296 668 lechiam
326 602 405 668 dicit
434 603 548 668 animis
575 603 742 686 tribuisset,
771 626 854 690 quas
876 614 1044 691 tamquam
1067 603 1187 670 formas

162 712 377 780 considerarit
399 713 652 778 substantiarum
675 716 831 796 vivarum,
855 725 943 778 caret
967 711 1188 781 fundamento.

162 805 298 912 Spectat
325 825 476 890 nimirum
505 823 546 890 ad
568 824 754 891 Aristotelis
784 848 855 912 περι
886 828 988 914 ψυχης
1016 824 1134 890 librum
1160 823 1190 890 B

164 939 196 1019 (1
221 941 239 1014 ἓ
261 936 295 1020 4)
325 936 383 1002 ubi
413 935 525 1000 definit
546 937 599 1002 ille
621 937 761 1002 animam
784 959 854 1002 ease
876 936 1088 1003 substantiam
1112 947 1189 1002 tam·

141 1127 143 1132 ¹
167 1068 266 1133 quam
287 1046 425 1114 formam
450 1047 595 1134 corporis
617 1048 773 1116 naturalis
795 1049 937 1135 potentia
955 1048 1055 1115 vitam
1071 1047 1189 1116 haben-

164 1156 217 1239 tis,
240 1181 315 1222 cum
339 1157 519 1222 substantia
541 1160 581 1224 sit
603 1169 694 1225 actus
717 1171 748 1224 et
771 1160 935 1242 perfectio,
957 1159 1097 1226 animam
1118 1181 1190 1225 esse

162 1267 236 1334 talis
269 1268 412 1354 corperis
447 1269 676 1354 perfectionem
711 1282 743 1334 et
776 1281 897 1336 actum:
933 1271 1098 1356 ἀναγκαῖον
1125 1270 1190 1358 ἄρα

162 1382 218 1468 τὴν
241 1383 342 1468 ψυχὴν
363 1379 470 1470 οὐσίαν
497 1380 574 1444 εἶναι
596 1383 642 1451 ὡς
663 1379 748 1452 εἶδος
774 1383 922 1468 σώματος
944 1386 1076 1467 φυσικοῦ
1099 1381 1191 1446 δονά-

137 1515 140 1520 ·
160 1514 215 1576 μετ
237 1491 320 1579 ζωὴν
343 1489 483 1580 ἔχοντος·
505 1493 525 1580 ἡ
547 1491 579 1554 δ’
595 1491 684 1556 οὐσία
704 1491 900 1580 ἐντελέχεια.
916 1535 924 1554 .
941 1538 949 1554 .
967 1492 1106 1555 τοιούτου
1129 1491 1193 1576 ἄρα

163 1604 313 1688 σώματος
340 1601 522 1692 ἐντελέχεια.
567 1603 706 1668 Animus
735 1601 880 1688 corporis
909 1613 958 1666 est
985 1601 1189 1681 enteleoheia,

164 1736 264 1799 quum
287 1713 404 1782 efficiat
429 1727 483 1781 »ut
506 1733 621 1800 corpus
643 1737 701 1800 per
723 1736 757 1778 se
779 1713 865 1778 iners
885 1711 983 1778 finem
998 1723 1190 1800 assequatur

162 1804 395 1908 suum.»¹⁶)'—
417 1823 488 1890 Nec
517 1847 581 1890 non
611 1826 757 1890 videmus
780 1824 976 1892 Leibnitium
1003 1845 1104 1911 quum
1124 1823 1188 1888 for-

163 1957 234 2000 mas
264 1943 411 1998 veterum
439 1934 524 2000 vires
537 1985 539 1990 .
554 1935 624 2000 essa
647 1935 793 2000 statuerit
823 1957 880 2000 seu
911 1935 1121 2015 substantias,
1153 1944 1189 2000 ut

163 2065 280 2132 parum
311 2043 410 2108 latine
439 2043 601 2122 dicamus,
632 2044 875 2124 immateriales,
903 2065 986 2138 quae
1008 2043 1041 2106 in
1065 2066 1099 2108 se
1121 2065 1191 2128 per·

163 2155 340 2242 factionem
367 2153 655 2242 sufficieutiamque
681 2153 835 2233 habeant,
865 2175 947 2240 quae
974 2151 1192 2219 Aristotelicis

167 2266 321 2336 doctrinis
344 2279 509 2358 tamquam
532 2267 663 2354 δοναμει
677 2266 829 2347 latebant,
852 2264 1024 2352 protulisse
1039 2265 1072 2330 in
1088 2287 1193 2330 suarn-

170 2399 233 2462 que
267 2378 468 2444 transtulisse
503 2376 705 2446 sententiam.
738 2375 798 2452 ,Ut
830 2375 991 2442 Leibnitio
1024 2375 1192 2442 Aristoteli

167 2485 265 2554 etiam
292 2487 415 2556 formae
442 2488 530 2554 haud
559 2499 635 2556 sunt
663 2511 773 2554 rerum
803 2486 912 2567 ideae,
940 2510 1023 2576 quae
1053 2511 1074 2550 a
1095 2488 1190 2554 rebus

165 2596 244 2684 ipsis
267 2599 429 2681 sejunctae
451 2621 507 2684 per
530 2621 565 2664 se
586 2599 734 2682 existant,
767 2599 1040 2686 quemadmodum
1062 2597 1193 2662 Platoni

167 2706 294 2795 placuit
309 2706 508 2802 (Parmenid.
528 2709 589 2774 132
612 2708 678 2798 εἴδη
701 2715 763 2775 τῶν
778 2709 877 2776 ὄντων
893 2709 1130 2797 παραδείγματα
1152 2708 1193 2772 cf.

164 2818 265 2886 Arist.
287 2819 353 2887 eth.
374 2819 438 2886 nic
462 2819 488 2887 Ι.
511 2819 547 2906 4)
570 2819 627 2886 sed
655 2801 752 2887 rebus
782 2822 859 2910 ipsis
882 2821 992 2888 insunt
1015 2820 1062 2903 (ἐν
1085 2821 1192 2902 ἑαυτῷ

167 2929 257 3003 τέλος
289 2927 434 3020 ἔχουσιν).
478 2930 530 2998 Ex
558 2932 742 2998 Aristotelis
775 2933 873 3000 ctiam
905 2932 1053 2998 doctrina
1085 2927 1193 2997 animo

168 3039 298 3106 demum
321 3063 439 3130 corpus
462 3041 503 3107 nd
526 3042 623 3110 finem
646 3043 794 3130 pervenit
816 3067 911 3110 suum
929 3053 965 3106 ut
981 3060 1052 3106 cum
1070 3038 1196 3131 adiper-

167 3149 342 3221 fectionern
368 3151 526 3240 perducat
552 3155 593 3220 sit
615 3155 684 3241 ejus
707 3175 821 3220 revere
843 3154 1030 3241 ἐντελεχειαι
1054 3150 1192 3218 Animus

171 3258 302 3342 artilex,
340 3284 457 3351 corpus
484 3264 735 3330 instrumentum
766 3279 815 3330 est
842 3264 883 3328 of.
914 3262 954 3330 de
982 3261 1089 3328 enimn
1111 3263 1148 3344 I.,
1175 3263 1197 3328 3

173 3368 223 3434 dci
245 3369 298 3456 τὴν
317 3370 375 3452 μὲν
399 3372 507 3462 τέχνην
523 3373 668 3463 χρῆσθαι
690 3379 755 3444 τοῖς
776 3375 933 3460 ὀργάνοις,
961 3375 1015 3462 τὴν
1038 3371 1074 3438 δὲ
1096 3374 1197 3461 ψυχὴν

234 3611 273 3683 1³)
290 3609 309 3667 l.
327 3627 348 3665 a
369 3627 395 3685 p.
414 3613 472 3675 313.
1027 3698 1044 3748 4
