2818 4160
607 150 822 215 ,78-

283 321 471 388 Aristotelis
498 320 645 386 doctrina
664 322 772 386 notior
795 333 843 384 est
862 343 959 406 quam
978 331 1016 384 ut
1039 319 1227 384 brevitatem

197 446 341 498 nostram
367 434 493 498 morari
520 431 650 515 deleat5
679 433 757 518 quia
785 445 889 496 tamen
912 445 1072 518 tantopere
1092 431 1229 496 uariant

192 543 324 630 judicia
346 542 385 608 de
406 543 463 608 too
483 544 553 608 uiro
576 543 730 630 multique
753 543 903 628 inprimis
915 543 1049 628 juvenes
1072 543 1156 606 iuter
1178 555 1228 606 tot

198 655 385 722 laudatores
412 667 696 742 contemptoresque
722 653 880 740 perpleci
904 654 1048 734 haerent,
1079 677 1137 718 nos
1157 675 1226 739 pro

198 766 414 832 moderatione
435 780 546 832 nostra
561 766 701 831 dicemini
715 769 836 851 opinor,
857 789 939 852 quae
955 765 1100 830 omnibus
1121 787 1228 852 aequa

198 877 405 942 sentientibus
442 878 637 963 satisfacere
666 879 806 963 possint.
860 877 1063 942 Aristotelem
1102 888 1227 940 constat

199 987 275 1052 olim
289 987 386 1073 fidei
405 988 522 1053 hostem
544 990 705 1070 lubitum,
725 1001 842 1074 postea
864 987 1043 1052 unseleins
1064 1000 1227 1072 receptum

199 1099 249 1163 ita
270 1101 472 1165 uenerationi
481 1099 603 1186 fuisse,
631 1114 749 1164 utnon
771 1099 841 1163 alia
864 1098 1013 1186 dopmata
1037 1097 1163 1162 tumidis
1177 1097 1222 1182 fi

199 1209 255 1274 dei
274 1211 424 1304 articulis
455 1214 586 1296 opitiora
614 1211 808 1276 viderentur.
854 1212 948 1276 Hunc
976 1234 1038 1276 nou
1068 1211 1226 1274 Avertens

202 1335 341 1405 tantum,
374 1323 432 1387 sed
460 1337 489 1387 et
517 1323 558 1386 D.
586 1323 720 1389 Thomas
745 1323 872 1408 =aliique
896 1323 1041 1407 'iusipues
1070 1322 1139 1385 oiri
1158 1341 1222 1407 pro

198 1433 336 1498 humaui
360 1435 486 1521 iupenii
511 1433 668 1498 miraculo
697 1434 849 1516 habuere,
878 1433 1007 1498 eundem
1035 1455 1107 1496 vero
1131 1430 1224 1496 lodie

195 1547 322 1630 passim
345 1546 441 1609 etiam
457 1546 560 1630 pueri
574 1544 690 1634 rident.
727 1545 843 1612 Dicam
866 1542 947 1630 qnid
962 1543 1045 1606 multi
1063 1542 1220 1624 videatur,

197 1653 259 1740 qui
269 1656 392 1740 primis
415 1657 509 1719 annis
525 1657 774 1740 peripateticam
797 1655 1004 1742 disciplinam
1025 1655 1135 1736 lausi,
1165 1653 1226 1739 qui

198 1763 329 1828 adultus
351 1766 553 1844 Aristotelem
574 1789 634 1830 uon
646 1765 869 1852 perfunctorie
885 1767 1022 1854 inspecti,
1046 1767 1106 1852 qui
1119 1778 1220 1829 tamen

197 1874 359 1940 sentiendi
378 1876 556 1942 libertatem
579 1878 676 1942 etiam
696 1900 778 1962 puer
801 1879 940 1955 coercui,
964 1891 994 1942 et
1010 1890 1126 1964 postea
1152 1899 1216 1940 ma*

196 1987 376 2052 tlemoticis
400 1988 584 2076 disciplinis
610 2003 704 2078 atque
733 1991 957 2076 asperimontis
986 2013 1057 2056 sum
1087 1988 1217 2052 delecta-

196 2111 260 2163 tus:
294 2099 408 2164 deiude
441 2114 535 2166 entra
567 2101 756 2164 Academias
785 2103 912 2188 positus
945 2102 1090 2186 citaeque
1120 2121 1218 2186 penus

195 2207 285 2298 loupe
308 2209 403 2275 aliud
423 2224 557 2292 secutus,
580 2234 642 2276 uon
664 2237 734 2276 sum
757 2236 796 2278 eac
819 2235 925 2278 eorum
944 2235 1072 2276 numero
1087 2233 1219 2296 quorum

194 2322 356 2384 autoritas
380 2322 414 2384 iu
441 2321 613 2389 Aristotele
633 2323 845 2408 periclitatur
872 2345 972 2410 neque
1001 2337 1111 2412 eontra
1138 2323 1220 2386 inter

195 2451 245 2492 eos
268 2431 394 2494 censeri
405 2453 540 2515 possum
569 2433 629 2518 qui
655 2431 805 2520 docmata
831 2447 970 2500 ueterum
1000 2447 1029 2498 et
1056 2433 1219 2499 doctrinas

196 2542 232 2604 in
258 2540 374 2604 scholis
396 2555 539 2627 receptos
563 2544 710 2630 ipuoraut
732 2557 761 2608 et
786 2567 823 2608 ne
849 2545 930 2609 male
959 2547 1109 2632 n‘pnorare
1135 2543 1220 2610 vide·

196 2663 293 2714 autur
316 2650 464 2721 irrident.
507 2653 655 2718 Primum
678 2677 732 2742 epo
763 2657 904 2742 comperi
926 2654 1104 2722 Ciceronem
1126 2669 1156 2720 et
1176 2655 1217 2720 D.

199 2761 350 2828 Thamnus
373 2764 515 2849 aliosque
538 2764 779 2830 laudatissimae
801 2769 888 2832 uiros
910 2791 970 2832 nou
992 2769 1121 2856 irp'uria
1143 2768 1218 2832 Ari-

194 2877 333 2940 stotelem
366 2873 528 2940 laudasse.
575 2875 664 2952 Quae
697 2879 732 2940 in
764 2876 910 2942 doctriua
938 2903 1062 2944 morum
1087 2881 1219 2966 scripsit

194 2988 276 3054 sctis
293 2985 433 3072 pulchra
456 2998 530 3050 sunt
553 2999 582 3049 et
605 3009 644 3050 eu
674 3010 735 3052 usu
762 2990 848 3054 citae
868 2992 976 3075 petita
1004 3005 1033 3055 et
1054 2987 1240 3058 ‹Iuriscon'

194 3095 290 3160 sultis
308 3095 468 3182 perutilia
499 3095 629 3182 ideoque
655 3099 828 3181 juvenibus
862 3100 1074 3188 capnoscmda
1097 3103 1156 3188 qui
1176 3101 1222 3164 od

194 3208 321 3291 nepotis
344 3209 507 3270 accessuri
525 3223 608 3290 sunt,
632 3211 695 3273 etsi
712 3211 866 3276 hominem
890 3212 935 3276 ad
949 3213 1113 3278 sublimem
1128 3212 1220 3277 illam

194 3317 343 3380 uirtutem
376 3339 438 3380 nou
461 3317 623 3402 forment,
657 3345 753 3406 quam
774 3322 869 3386 Plato
903 3337 933 3386 et
953 3324 1120 3410 Epictetus
1153 3323 1223 3387 sibi

186 3430 398 3513 proposuisse
416 3429 573 3513 uidentur,
590 3445 619 3495 et
634 3456 715 3518 quae
729 3435 881 3520 prouime
905 3435 1026 3500 accedit
1048 3435 1095 3499 ad
1110 3435 1218 3522 perfe-

193 3538 325 3604 ctionem
347 3541 568 3610 cltristiauam.
616 3543 709 3621 Quod
730 3568 763 3610 eo
785 3545 891 3609 minus
913 3547 1023 3629 miror,
1050 3547 1128 3632 quia
1150 3547 1219 3612 Mo·

192 3649 277 3715 ralis
298 3654 433 3719 scientio
451 3656 559 3740 proles
580 3654 820 3742 Metcplaepsicae
841 3669 896 3740 est,
924 3669 953 3722 et
975 3659 1035 3742 qui
1054 3657 1092 3722 de
1110 3657 1219 3742 proei-
