2818 4160
576 172 788 238 -43-

168 367 242 410 mus
266 366 332 410 non
354 343 561 432 prudentiam
583 342 686 409 solum
709 367 894 410 successum
914 347 1110 440 virtutesque
1126 349 1196 420 effi·

169 478 248 525 oere.
280 457 363 525 Cum
378 455 594 543 praestantius
610 455 785 542 sitJaliquid
801 457 948 537 scientia,
962 481 1078 546 nempe
1092 463 1196 542 Deus,

168 567 280 634 felices
304 565 465 646 dicuntur,
483 567 539 653 qui
556 565 689 630 rationis
707 576 856 653 expertes
873 567 914 632 ad
932 578 1019 632 reete
1034 572 1196 655 agendum

167 678 376 765 impellantur
398 677 510 764 quales
534 676 754 759 enthusiasmi‚
779 677 888 741 divina
910 688 1018 742 autem
1043 678 1196 744 felicitate

170 789 288 854 fruitur
312 788 366 875 qui
389 789 509 876 aliquid
527 789 621 875 juxta
642 787 815 874 imperium
838 787 982 854 divinum
1004 790 1099 853 iacit:
1126 790 1196 858 eod.

167 923 198 987 p.
217 901 309 980 1246,
332 899 353 964 b
376 901 412 964 οὐ
432 900 530 985 μόνον
545 903 565 988 ἦ
582 899 736 992 φρόνησις
751 901 834 963 ποιεῖ
852 893 907 987 τήν
920 899 1089 986 εὐπραγίαν
1114 899 1198 967 1248

168 1011 197 1074 τί
217 1009 272 1075 οὖν
299 1011 336 1074 ἂν
359 1013 498 1098 κρεῖττον
521 1013 569 1074 καὶ
597 1011 769 1099 ἐπιστήμης
800 1009 878 1075 εἴποι
904 1012 980 1098 πλὴν
1008 1008 1101 1093 etseq
1124 1059 1131 1076 .
1155 1061 1162 1075 .
1189 1057 1198 1075 .

168 1122 307 1211 εὐτυχεῖς
332 1123 496 1186 καλοῦνται
518 1121 624 1205 ἄλογοι
646 1123 674 1185 οἳ
703 1107 930 1210 &obpetierunt
963 1119 1061 1205 (θεοί)
1086 1146 1194 1208 κατορ-

168 1228 255 1294 θοῦν.

254 1343 362 1428 Ipsam
392 1341 575 1406 Aristotelis
611 1341 809 1408 sententiam
836 1342 948 1408 laudat
981 1342 1037 1406 sed
1067 1351 1196 1407 veretur

169 1475 211 1518 ne
234 1452 434 1517 intellectum
459 1461 609 1538 agentem
631 1453 845 1518 universalem
868 1453 902 1518 in
925 1453 1032 1517 animo
1048 1451 1196 1518 habuerit

168 1563 222 1650 qui
253 1563 340 1628 solus
369 1563 456 1628 etin
479 1561 627 1628 omnibus
650 1563 832 1630 hominibus
855 1563 941 1629 idem
963 1572 1195 1650 postmortem

169 1668 424 1763 supersit,‘quae
452 1673 581 1762 quidem
605 1673 765 1739 sententia
790 1675 1008 1760 »permississe«
1033 1673 1194 1740 Leibnitio

168 1807 294 1872 semper
317 1795 386 1850 erat
416 1784 536 1850 odiosa.
581 1784 747 1850 Hanschio
779 1785 863 1851 1704
892 1785 1004 1850 scribit
1036 1783 1196 1870 »fortusse

168 1896 209 1960 ab
238 1919 276 1958 eo
307 1896 462 1960 sententia
485 1901 544 1974 (sc.
569 1893 662 1958 deum
694 1917 760 1958 ease
782 1897 936 1980 spiritum
963 1909 1024 1959 toto
1047 1897 1195 1960 antherae

170 2005 326 2090 dffosnm
352 2007 413 2091 que'
437 2005 499 2069 arbi
516 2007 551 2068 ιἰι
574 2027 689 2090 corpus
712 2006 897 2090 erpaniettm
920 2005 1054 2086 obsidet,
1078 2007 1196 2070 obtinet

167 2115 255 2181 allud
280 2141 310 2204 p.
334 2116 395 2182 447
411 2137 438 2183 a.
470 2115 565 2198 Ere.)
619 2113 726 2180 Stoici
748 2137 811 2178 ιιοιι
840 2113 1051 2178 abhorrebant
1080 2127 1109 2178 et
1136 2115 1206 2179 bue

168 2227 297 2292 redibat
333 2227 509 2292 intellectus
544 2243 640 2313 aperta
667 2224 931 2289 Averret'storum
966 2235 1062 2308 etque
1090 2225 1197 2310 maius

164 2337 307 2422 fortasse
334 2337 529 2402 Aristotelia.
576 2335 631 2420 oft
654 2359 704 2423 ep.
736 2335 776 2400 ad
799 2335 978 2400 hunaldum
993 2373 994 2376 =
1009 2337 1092 2402 1686
1121 2335 1196 2416 (dis-

169 2469 263 2511 cours
299 2445 338 2511 de
375 2449 515 2534 metaph.
549 2471 580 2534 p.
606 2447 668 2513 182
695 2445 746 2513 ed.
778 2444 927 2532 Grotef.).
979 2447 1067 2512 Dice
1095 2459 1141 2511 est
1169 2450 1197 2513 le

168 2555 261 2621 soleii
289 2554 343 2619 dea
366 2561 453 2620 omes
480 2569 510 2620 et
535 2579 568 2620 ce
589 2557 668 2621 n’eat
687 2581 750 2644 poa
774 2557 1018 2644 d’attjourd'hei
1037 2563 1128 2644 qu’on
1151 2569 1199 2621 est

170 2666 253 2732 dens
275 2687 308 2732 ce
330 2665 518 2730 sentement.
537 2720 542 2735 .
558 2667 642 2732 .'Lea
657 2668 856 2733 Aoerror‘ates
879 2669 958 2733 l’out
981 2671 1093 2733 οοιιπιιέ
1115 2667 1197 2732 dena

166 2802 211 2842 ιιιι
238 2779 388 2842 mouooe'a
417 2800 516 2844 aenas
550 2815 598 2827 -—
620 2778 718 2844 Anno
747 2781 830 2846 1684
858 2779 898 2848 de
929 2779 1113 2867 cognitione
1141 2779 1198 2843 hu·-

166 2899 263 2954 mana
292 2889 389 2955 etde
412 2887 547 2955 criteriis
578 2887 721 2954 distincti
744 2903 776 2955 et
799 2889 877 2955 oleri
900 2899 1018 2956 tractat
1040 2890 1116 2976 quia
1137 2888 1199 2952 nisi

167 3000 230 3065 iltis
260 3001 409 3066 adhibitis
432 3001 626 3088 principium
652 3001 731 3066 illud
754 3001 897 3068 Oartesii
916 2998 1197 3091 »quicquid-clere

173 3118 205 3173 et
227 3109 374 3176 distincte
390 3110 555 3197 percipio,
584 3110 618 3174 id
640 3121 689 3176 est
712 3132 844 3176 verume
870 3111 911 3175 sit
932 3110 1045 3174 inutile
1068 3115 1114 3197 (p.
1130 3108 1199 3176 eta

168 3217 273 3304 Ere).
318 3223 356 3286 In
386 3219 562 3306 specimine
592 3219 645 3284 illo
670 3243 771 3306 quum
794 3219 970 3286 discrimen·
991 3219 1078 3307 quod
1099 3219 1198 3285 inter·

170 3327 264 3394 cedat
299 3329 585 3397 internetionem
620 3328 791 3395 obscuram
825 3340 858 3395 et
890 3333 1011 3397 claram
1045 3338 1198 3417 exponat,

170 3438 367 3506 entelechias
399 3441 581 3507 Aristotelis
615 3439 694 3504 facit
736 3440 933 3506 mentionem
979 3439 1133 3506 »termini
1165 3439 1199 3504 in
1307 3490 1310 3496 ,

169 3548 287 3615 scholis
317 3571 431 3636 parum
460 3551 631 3638 explicati«
657 3550 702 3616 ita
726 3561 760 3616 ut
781 3551 872 3618 notie
896 3553 965 3635 ejus
987 3551 1029 3616 sit
1051 3536 1198 3616 obscura.

175 3661 241 3747 (79,
262 3659 356 3748 Ere.)
378 3662 558 3729 Leibnitius
589 3686 689 3751 quum
719 3662 928 3750 explorasset
949 3660 1018 3734 sine
1039 3660 1076 3725 vi
1094 3657 1200 3724 activa
1274 3744 1279 3751 Ι
