2818 4160
547 1125 841 1228 VITA.

643 1363 744 1375 —u—

268 1489 393 1595 Natus
432 1550 504 1593 sum
531 1527 676 1594 Danielis
704 1526 833 1611 Jacoby
859 1523 1130 1613 Johannisburgi,
1167 1524 1202 1588 in

182 1642 334 1733 oppidulo
358 1639 534 1708 Borussiae
564 1637 725 1705 orientalis
748 1637 778 1704 d.
802 1637 850 1704 IV
876 1659 918 1704 m.
940 1635 1090 1704 Januarii
1119 1659 1202 1702 anno

180 1758 277 1843 hujus
305 1753 425 1821 saeculi
447 1751 561 1822 XLIV
589 1759 680 1840 patre
702 1749 838 1816 Daniele
844 1799 853 1835 ,
881 1759 1076 1833 mercatore,
1107 1772 1202 1838 quem

182 1867 289 1935 adhuc
310 1867 435 1954 gaudeo
458 1864 634 1948 viventem,
656 1873 759 1930 matre
781 1862 896 1929 Minna
916 1885 934 1930 e
956 1874 1053 1952 gente
1076 1862 1203 1948 Fuerst,

186 1999 284 2065 quam
304 1977 371 2042 fato
394 1987 535 2066 ereptam
556 1974 634 2039 mihi
657 1985 860 2060 praematuro
883 1976 979 2041 etiam
993 1998 1080 2040 nunc
1095 1975 1202 2060 lugeo.

186 2087 280 2154 Fidei
302 2085 444 2154 addictus
468 2111 538 2152 sum
561 2085 730 2151 mosaicae
774 2085 957 2153 Literarum
980 2087 1143 2154 elementis
1170 2087 1204 2152 in

189 2197 298 2263 schola
328 2199 428 2264 civica
443 2199 614 2290 imbutus,
645 2220 725 2286 puer
752 2197 821 2264 fere
849 2195 1017 2264 duodecim
1046 2219 1203 2263 annorum

183 2309 479 2398 Regiomontanum
493 2321 585 2397 pater
599 2333 651 2376 me
670 2310 765 2394 misit,
793 2309 848 2375 ubi
863 2309 1066 2397 gymnasium
1082 2309 1204 2398 Kneip·

182 2423 344 2488 hofianum
371 2445 430 2510 per
456 2444 556 2486 unum
582 2432 707 2489 tantum
729 2444 848 2488 annum
869 2420 1080 2510 frequentavi,
1105 2443 1205 2509 quum

185 2531 315 2598 interim
325 2526 518 2600 Berolinum
540 2543 631 2622 pater
653 2556 721 2598 sese
744 2531 940 2599 contulisset.
980 2532 1033 2598 Ibi
1054 2544 1202 2620 receptus

187 2667 258 2710 sum
280 2645 314 2710 in
335 2645 539 2732 gymnasium
560 2643 784 2728 Berolinense‚
808 2641 966 2709 directore
987 2643 1203 2730 Bellermann,

185 2757 255 2823 viro
279 2754 422 2844 egregio.
447 2794 486 2805 -
509 2757 669 2822 Examina
690 2754 822 2843 publico
845 2757 1000 2845 probatus
1023 2781 1098 2824 vers
1128 2758 1203 2823 anni

183 2865 441 2936 MDCOOLXH
470 2869 510 2934 sd
543 2867 783 2934 universitatem
810 2869 930 2934 accessi
952 2867 1203 2954 Heidelbergen-

187 3003 272 3063 sem,
295 2990 331 3045 ut
348 2980 432 3068 juris
456 2979 645 3067 prudentiae
667 3002 820 3046 navarem
843 3002 983 3069 operam.
1028 2979 1096 3045 Ubi
1118 2989 1203 3067 post-

187 3112 285 3180 quam
306 3113 365 3177 per
388 3099 539 3156 semestre
562 3115 661 3158 unum
683 3101 832 3158 versatus
855 3114 935 3174 sum,
955 3092 991 3156 in
1007 3090 1203 3157 academiam

184 3223 237 3266 me
268 3201 389 3266 contuli
417 3195 675 3288 Borolinensem,
706 3206 797 3288 cujus
834 3203 956 3268 civibus
992 3201 1096 3268 adhuc
1132 3227 1203 3270 snm

187 3310 378 3400 adscriptus.
429 3312 474 3378 Et
502 3336 560 3402 per
589 3312 652 3380 dno
682 3314 811 3403 quidem
838 3313 1004 3381 semestria
1025 3315 1107 3400 juris
1142 3315 1204 3382 dis-

190 3422 325 3510 ciplinae
347 3447 399 3490 ms
423 3425 587 3491 deditum
610 3448 687 3494 vero
711 3437 815 3494 totum
841 3449 893 3493 me
921 3425 1143 3516 philosophiae
1170 3439 1203 3494 et

186 3534 381 3624 philologiae
403 3536 507 3602 studio
536 3538 611 3603 dare
634 3539 794 3607 constitui.

271 3645 509 3734 Heidelbergae
548 3648 672 3714 scholas
711 3649 913 3738 frequentavi
945 3649 1088 3716 virorum
1122 3651 1199 3718 clar.

185 3761 368 3846 Vangerow
398 3768 431 3823 et
459 3755 700 3844 Goldschmidt3
732 3758 875 3826 Berolini
902 3758 1052 3826 docentes
1079 3758 1201 3826 audivi:
