<?xml version="1.0" encoding="UTF-8"?>
<!DOCTYPE html PUBLIC "-//W3C//DTD XHTML 1.0 Transitional//EN"
    "http://www.w3.org/TR/xhtml1/DTD/xhtml1-transitional.dtd">
<html xmlns="http://www.w3.org/1999/xhtml" xml:lang="en" lang="en">
 <head>
  <title>
</title>
<meta http-equiv="Content-Type" content="text/html;charset=utf-8" />
  <meta name='ocr-system' content='tesseract 3.04.00' />
  <meta name='ocr-capabilities' content='ocr_page ocr_carea ocr_par ocr_line ocrx_word'/>
</head>
<body>
  <div class='ocr_page' id='page_1' title='image "./deleibnitiistud00jacogoog_0049.png"; bbox 0 0 2818 4160; ppageno 0'>
   <div class='ocr_carea' id='block_1_1' title="bbox 610 199 824 264">
    <p class='ocr_par' dir='ltr' id='par_1_1' title="bbox 610 199 824 264">
     <span class='ocr_line' id='line_1_1' title="bbox 610 199 824 264; baseline 0 -16"><span class='ocrx_word' id='word_1_1' title='bbox 610 199 824 264; x_wconf 73' lang='lat'><strong>-.42-</strong></span> 
     </span>
    </p>
   </div>
   <div class='ocr_carea' id='block_1_2' title="bbox 201 369 1260 570">
    <p class='ocr_par' dir='ltr' id='par_1_2' title="bbox 201 369 1260 570">
     <span class='ocr_line' id='line_1_2' title="bbox 202 369 1259 458; baseline -0.002 -22"><span class='ocrx_word' id='word_1_2' title='bbox 202 373 313 437; x_wconf 85' lang='lat' dir='ltr'><em>anima</em></span> <span class='ocrx_word' id='word_1_3' title='bbox 336 385 427 436; x_wconf 87' lang='lat' dir='ltr'><em>acute</em></span> <span class='ocrx_word' id='word_1_4' title='bbox 450 385 479 436; x_wconf 91' lang='lat' dir='ltr'><em>et</em></span> <span class='ocrx_word' id='word_1_5' title='bbox 507 393 601 457; x_wconf 85' lang='lat' dir='ltr'><em>saepe</em></span> <span class='ocrx_word' id='word_1_6' title='bbox 630 369 733 434; x_wconf 77' lang='lat' dir='ltr'><em>solide</em></span> <span class='ocrx_word' id='word_1_7' title='bbox 761 369 960 456; x_wconf 71' lang='lat' dir='ltr'><em>disputasse,</em></span> <span class='ocrx_word' id='word_1_8' title='bbox 989 383 1018 434; x_wconf 91' lang='lat' dir='ltr'><em>et</em></span> <span class='ocrx_word' id='word_1_9' title='bbox 1045 371 1080 434; x_wconf 89' lang='lat' dir='ltr'><em>in</em></span> <span class='ocrx_word' id='word_1_10' title='bbox 1100 370 1259 458; x_wconf 77' lang='lat' dir='ltr'><em>proble-</em></span> 
     </span>
     <span class='ocr_line' id='line_1_3' title="bbox 201 480 1260 570; baseline -0.002 -22"><span class='ocrx_word' id='word_1_11' title='bbox 201 484 302 548; x_wconf 84' lang='lat' dir='ltr'><em>matis</em></span> <span class='ocrx_word' id='word_1_12' title='bbox 325 496 354 547; x_wconf 91' lang='lat' dir='ltr'><em>et</em></span> <span class='ocrx_word' id='word_1_13' title='bbox 376 482 608 570; x_wconf 75' lang='lat' dir='ltr'><em>Zoaprapdicis</em></span> <span class='ocrx_word' id='word_1_14' title='bbox 623 480 801 567; x_wconf 81' lang='lat' dir='ltr'><em>praeclara</em></span> <span class='ocrx_word' id='word_1_15' title='bbox 831 495 860 545; x_wconf 90' lang='lat' dir='ltr'><em>et</em></span> <span class='ocrx_word' id='word_1_16' title='bbox 890 482 1013 568; x_wconf 78' lang='lat' dir='ltr'><em>rispenii</em></span> <span class='ocrx_word' id='word_1_17' title='bbox 1038 495 1067 544; x_wconf 93' lang='lat' dir='ltr'><em>et</em></span> <span class='ocrx_word' id='word_1_18' title='bbox 1096 480 1260 568; x_wconf 75' lang='lat' dir='ltr'><em>diliqen-</em></span> 
     </span>
    </p>
   </div>
   <div class='ocr_carea' id='block_1_3' title="bbox 197 590 1256 1345">
    <p class='ocr_par' dir='ltr' id='par_1_3' title="bbox 197 590 1256 1345">
     <span class='ocr_line' id='line_1_4' title="bbox 204 590 1255 680; baseline 0 -22"><span class='ocrx_word' id='word_1_19' title='bbox 204 595 268 658; x_wconf 90' lang='lat' dir='ltr'><em>tiae</em></span> <span class='ocrx_word' id='word_1_20' title='bbox 296 596 473 680; x_wconf 55' lang='lat' dir='ltr'><em>mecinense</em></span> <span class='ocrx_word' id='word_1_21' title='bbox 500 591 641 657; x_wconf 73' lang='lat' dir='ltr'><em>edidisse</em></span> <span class='ocrx_word' id='word_1_22' title='bbox 675 592 833 675; x_wconf 77' lang='lat' dir='ltr'><strong><em>arbitror,</em></strong></span> <span class='ocrx_word' id='word_1_23' title='bbox 868 590 955 678; x_wconf 83' lang='lat' dir='ltr'><em>qaod</em></span> <span class='ocrx_word' id='word_1_24' title='bbox 976 605 1114 677; x_wconf 82' lang='lat' dir='ltr'><em>praeter</em></span> <span class='ocrx_word' id='word_1_25' title='bbox 1145 593 1255 658; x_wconf 71' lang='lat' dir='ltr'><em>aliens</em></span> 
     </span>
     <span class='ocr_line' id='line_1_5' title="bbox 201 701 1256 792; baseline -0.001 -23"><span class='ocrx_word' id='word_1_26' title='bbox 201 707 358 792; x_wconf 78' lang='lat' dir='ltr'><em>elepanter</em></span> <span class='ocrx_word' id='word_1_27' title='bbox 387 704 525 770; x_wconf 73' lang='lat' dir='ltr'><em>ostendit</em></span> <span class='ocrx_word' id='word_1_28' title='bbox 551 703 591 769; x_wconf 89' lang='lat' dir='ltr'><em>P.</em></span> <span class='ocrx_word' id='word_1_29' title='bbox 620 703 816 768; x_wconf 89' lang='lat' dir='ltr'><em>Pardiesins</em></span> <span class='ocrx_word' id='word_1_30' title='bbox 839 753 846 768; x_wconf 89' lang='lat'><strong>.</strong></span> <span class='ocrx_word' id='word_1_31' title='bbox 872 751 879 767; x_wconf 92' lang='lat'><strong>.</strong></span> <span class='ocrx_word' id='word_1_32' title='bbox 903 755 941 770; x_wconf 91' lang='lat'><em>..</em></span> <span class='ocrx_word' id='word_1_33' title='bbox 985 703 1030 767; x_wconf 79' lang='lat' dir='ltr'><em>dn</em></span> <span class='ocrx_word' id='word_1_34' title='bbox 1054 701 1256 768; x_wconf 73' lang='lat' dir='ltr'><em>Germania</em></span> 
     </span>
     <span class='ocr_line' id='line_1_6' title="bbox 199 813 1252 902; baseline -0.002 -22"><span class='ocrx_word' id='word_1_35' title='bbox 199 815 326 881; x_wconf 82' lang='lat' dir='ltr'><em>Abdias</em></span> <span class='ocrx_word' id='word_1_36' title='bbox 352 816 456 897; x_wconf 74' lang='lat' dir='ltr'><em>Treta,</em></span> <span class='ocrx_word' id='word_1_37' title='bbox 487 815 734 902; x_wconf 79' lang='lat' dir='ltr'><em>Noriberpensis</em></span> <span class='ocrx_word' id='word_1_38' title='bbox 761 813 955 879; x_wconf 85' lang='lat' dir='ltr'><em>Academiae</em></span> <span class='ocrx_word' id='word_1_39' title='bbox 982 813 1252 879; x_wconf 76' lang='lat' dir='ltr'><em>Mathematicus</em></span> 
     </span>
     <span class='ocr_line' id='line_1_7' title="bbox 201 924 1253 1014; baseline -0.003 -22"><span class='ocrx_word' id='word_1_40' title='bbox 201 930 269 993; x_wconf 84' lang='lat' dir='ltr'><em>sine</em></span> <span class='ocrx_word' id='word_1_41' title='bbox 299 929 515 992; x_wconf 85' lang='lat' dir='ltr'><em>controversia</em></span> <span class='ocrx_word' id='word_1_42' title='bbox 543 929 702 1014; x_wconf 74' lang='lat' dir='ltr'><em>eprepias,</em></span> <span class='ocrx_word' id='word_1_43' title='bbox 739 939 804 990; x_wconf 89' lang='lat' dir='ltr'><em>octo</em></span> <span class='ocrx_word' id='word_1_44' title='bbox 835 925 1022 991; x_wconf 80' lang='lat' dir='ltr'><em>Aristotelis</em></span> <span class='ocrx_word' id='word_1_45' title='bbox 1057 925 1156 990; x_wconf 82' lang='lat' dir='ltr'><em>tidros</em></span> <span class='ocrx_word' id='word_1_46' title='bbox 1199 924 1253 989; x_wconf 83' lang='lat' dir='ltr'><em>de</em></span> 
     </span>
     <span class='ocr_line' id='line_1_8' title="bbox 198 1035 1252 1126; baseline -0.002 -24"><span class='ocrx_word' id='word_1_47' title='bbox 198 1039 334 1126; x_wconf 76' lang='lat' dir='ltr'><em>physica</em></span> <span class='ocrx_word' id='word_1_48' title='bbox 371 1037 488 1103; x_wconf 88' lang='lat' dir='ltr'><em>addita</em></span> <span class='ocrx_word' id='word_1_49' title='bbox 519 1038 820 1102; x_wconf 75' lang='lat' dir='ltr'><em>demonstrationum</em></span> <span class='ocrx_word' id='word_1_50' title='bbox 850 1035 959 1117; x_wconf 78' lang='lat' dir='ltr'><em>forma</em></span> <span class='ocrx_word' id='word_1_51' title='bbox 989 1036 1143 1119; x_wconf 55' lang='lat' dir='ltr'><em>exhibuit,</em></span> <span class='ocrx_word' id='word_1_52' title='bbox 1171 1037 1252 1100; x_wconf 78' lang='lat' dir='ltr'><em>abt</em></span> 
     </span>
     <span class='ocr_line' id='line_1_9' title="bbox 199 1147 1243 1234; baseline -0.004 -20"><span class='ocrx_word' id='word_1_53' title='bbox 199 1150 282 1214; x_wconf 86' lang='lat' dir='ltr'><em>satis</em></span> <span class='ocrx_word' id='word_1_54' title='bbox 306 1162 443 1234; x_wconf 80' lang='lat' dir='ltr'><em>apparet</em></span> <span class='ocrx_word' id='word_1_55' title='bbox 465 1147 592 1234; x_wconf 84' lang='lat' dir='ltr'><em>qnidern</em></span> <span class='ocrx_word' id='word_1_56' title='bbox 609 1173 670 1213; x_wconf 87' lang='lat' dir='ltr'><em>non</em></span> <span class='ocrx_word' id='word_1_57' title='bbox 687 1150 794 1214; x_wconf 80' lang='lat' dir='ltr'><em>omniu</em></span> <span class='ocrx_word' id='word_1_58' title='bbox 810 1171 908 1234; x_wconf 83' lang='lat' dir='ltr'><em>aeque</em></span> <span class='ocrx_word' id='word_1_59' title='bbox 922 1147 1018 1229; x_wconf 72' lang='lat' dir='ltr'><em>Jirma</em></span> <span class='ocrx_word' id='word_1_60' title='bbox 1034 1171 1108 1230; x_wconf 84' lang='lat' dir='ltr'><em>csse,</em></span> <span class='ocrx_word' id='word_1_61' title='bbox 1126 1169 1243 1232; x_wconf 79' lang='lat' dir='ltr'><em>appa-</em></span> 
     </span>
     <span class='ocr_line' id='line_1_10' title="bbox 197 1259 1247 1345; baseline -0.002 -21"><span class='ocrx_word' id='word_1_62' title='bbox 197 1274 246 1324; x_wconf 91' lang='lat' dir='ltr'><em>ret</em></span> <span class='ocrx_word' id='word_1_63' title='bbox 270 1273 372 1324; x_wconf 86' lang='lat' dir='ltr'><em>tamen</em></span> <span class='ocrx_word' id='word_1_64' title='bbox 395 1273 424 1324; x_wconf 91' lang='lat' dir='ltr'><em>et</em></span> <span class='ocrx_word' id='word_1_65' title='bbox 439 1261 597 1345; x_wconf 81' lang='lat' dir='ltr'><em>pleraque</em></span> <span class='ocrx_word' id='word_1_66' title='bbox 618 1282 680 1324; x_wconf 89' lang='lat' dir='ltr'><em>non</em></span> <span class='ocrx_word' id='word_1_67' title='bbox 711 1259 789 1324; x_wconf 87' lang='lat' dir='ltr'><em>adeo</em></span> <span class='ocrx_word' id='word_1_68' title='bbox 818 1262 927 1345; x_wconf 83' lang='lat' dir='ltr'><em>inepta</em></span> <span class='ocrx_word' id='word_1_69' title='bbox 957 1281 1024 1322; x_wconf 85' lang='lat' dir='ltr'><em>esso</em></span> <span class='ocrx_word' id='word_1_70' title='bbox 1053 1281 1090 1322; x_wconf 88' lang='lat' dir='ltr'><em>ac</em></span> <span class='ocrx_word' id='word_1_71' title='bbox 1119 1259 1247 1323; x_wconf 78' lang='lat' dir='ltr'><em>multis</em></span> 
     </span>
    </p>
   </div>
   <div class='ocr_carea' id='block_1_4' title="bbox 201 1369 1350 1456">
    <p class='ocr_par' dir='ltr' id='par_1_4' title="bbox 201 1369 1350 1456">
     <span class='ocr_line' id='line_1_11' title="bbox 201 1369 1350 1456; baseline -0.003 -22"><span class='ocrx_word' id='word_1_72' title='bbox 201 1370 361 1437; x_wconf 85' lang='lat' dir='ltr'><em>oidentnr.</em></span> <span class='ocrx_word' id='word_1_73' title='bbox 420 1369 531 1450; x_wconf 83' lang='lat' dir='ltr'><em>Vides,</em></span> <span class='ocrx_word' id='word_1_74' title='bbox 565 1393 663 1456; x_wconf 81' lang='lat' dir='ltr'><em>quant</em></span> <span class='ocrx_word' id='word_1_75' title='bbox 697 1371 758 1434; x_wconf 82' lang='lat' dir='ltr'><em>sint</em></span> <span class='ocrx_word' id='word_1_76' title='bbox 796 1371 836 1435; x_wconf 81' lang='lat' dir='ltr'><em>ab</em></span> <span class='ocrx_word' id='word_1_77' title='bbox 863 1369 1037 1434; x_wconf 69' lang='lat' dir='ltr'><em>Aristotele</em></span> <span class='ocrx_word' id='word_1_78' title='bbox 1074 1369 1242 1434; x_wconf 64' lang='lat' dir='ltr'><em>alienum</em></span> <span class='ocrx_word' id='word_1_79' title='bbox 1349 1389 1350 1402; x_wconf 59' lang='lat'>¹</span> 
     </span>
    </p>
   </div>
   <div class='ocr_carea' id='block_1_5' title="bbox 197 1482 1240 2006">
    <p class='ocr_par' dir='ltr' id='par_1_5' title="bbox 199 1482 421 1568">
     <span class='ocr_line' id='line_1_12' title="bbox 199 1482 421 1568; baseline -0.018 -18"><span class='ocrx_word' id='word_1_80' title='bbox 199 1489 243 1568; x_wconf 90' lang='lat' dir='ltr'><em>(p.</em></span> <span class='ocrx_word' id='word_1_81' title='bbox 261 1482 311 1550; x_wconf 79' lang='lat'><em>84.</em></span> <span class='ocrx_word' id='word_1_82' title='bbox 333 1483 354 1545; x_wconf 91' lang='lat' dir='ltr'><em>l.</em></span> <span class='ocrx_word' id='word_1_83' title='bbox 378 1487 421 1559; x_wconf 91' lang='lat' dir='ltr'><em>c.)</em></span> 
     </span>
    </p>

    <p class='ocr_par' dir='ltr' id='par_1_6' title="bbox 197 1591 1240 2006">
     <span class='ocr_line' id='line_1_13' title="bbox 285 1591 1240 1685; baseline -0.002 -27"><span class='ocrx_word' id='word_1_84' title='bbox 285 1591 336 1658; x_wconf 82' lang='lat' dir='ltr'><em>Of.</em></span> <span class='ocrx_word' id='word_1_85' title='bbox 360 1593 470 1658; x_wconf 89' lang='lat' dir='ltr'><em>locum</em></span> <span class='ocrx_word' id='word_1_86' title='bbox 493 1617 532 1685; x_wconf 70' lang='grc' dir='ltr'><em>εις</em></span> <span class='ocrx_word' id='word_1_87' title='bbox 552 1594 692 1676; x_wconf 84' lang='lat' dir='ltr'><em>inedito,</em></span> <span class='ocrx_word' id='word_1_88' title='bbox 716 1594 804 1680; x_wconf 90' lang='lat' dir='ltr'><em>quod</em></span> <span class='ocrx_word' id='word_1_89' title='bbox 826 1594 858 1658; x_wconf 92' lang='lat' dir='ltr'><em>in</em></span> <span class='ocrx_word' id='word_1_90' title='bbox 880 1593 945 1658; x_wconf 87' lang='lat' dir='ltr'><em>fine</em></span> <span class='ocrx_word' id='word_1_91' title='bbox 967 1591 1098 1657; x_wconf 82' lang='lat' dir='ltr'><em>dissert:</em></span> <span class='ocrx_word' id='word_1_92' title='bbox 1127 1599 1240 1656; x_wconf 81' lang='lat' dir='ltr'><em>extat.</em></span> 
     </span>
     <span class='ocr_line' id='line_1_14' title="bbox 199 1701 1235 1790; baseline -0.001 -22"><span class='ocrx_word' id='word_1_93' title='bbox 199 1702 309 1789; x_wconf 82' lang='lat' dir='ltr'><em>Atque</em></span> <span class='ocrx_word' id='word_1_94' title='bbox 333 1704 364 1767; x_wconf 92' lang='lat' dir='ltr'><em>in</em></span> <span class='ocrx_word' id='word_1_95' title='bbox 389 1703 458 1768; x_wconf 83' lang='lat' dir='ltr'><em>aliis</em></span> <span class='ocrx_word' id='word_1_96' title='bbox 482 1703 626 1790; x_wconf 79' lang='lat' dir='ltr'><em>epistulis</em></span> <span class='ocrx_word' id='word_1_97' title='bbox 648 1703 836 1790; x_wconf 87' lang='lat' dir='ltr'><em>posterioris</em></span> <span class='ocrx_word' id='word_1_98' title='bbox 864 1703 1018 1789; x_wconf 87' lang='lat' dir='ltr'><em>temporis</em></span> <span class='ocrx_word' id='word_1_99' title='bbox 1041 1701 1081 1767; x_wconf 87' lang='lat' dir='ltr'><em>de</em></span> <span class='ocrx_word' id='word_1_100' title='bbox 1103 1703 1235 1767; x_wconf 83' lang='lat' dir='ltr'><em>Aristo-</em></span> 
     </span>
     <span class='ocr_line' id='line_1_15' title="bbox 197 1812 1235 1901; baseline -0.001 -22"><span class='ocrx_word' id='word_1_101' title='bbox 197 1812 260 1879; x_wconf 83' lang='lat' dir='ltr'><em>tele</em></span> <span class='ocrx_word' id='word_1_102' title='bbox 282 1814 410 1900; x_wconf 83' lang='lat' dir='ltr'><em>saepius</em></span> <span class='ocrx_word' id='word_1_103' title='bbox 440 1825 555 1880; x_wconf 81' lang='lat' dir='ltr'><em>tractat</em></span> <span class='ocrx_word' id='word_1_104' title='bbox 577 1815 634 1896; x_wconf 87' lang='lat' dir='ltr'><em>uti,</em></span> <span class='ocrx_word' id='word_1_105' title='bbox 658 1812 930 1901; x_wconf 81' lang='lat' dir='ltr'><em>quemadmodum</em></span> <span class='ocrx_word' id='word_1_106' title='bbox 945 1813 1235 1896; x_wconf 65' lang='lat' dir='ltr'><em>nominabimus,</em></span> 
     </span>
     <span class='ocr_line' id='line_1_16' title="bbox 198 1922 1235 2006; baseline 0.002 -18"><span class='ocrx_word' id='word_1_107' title='bbox 198 1922 239 1988; x_wconf 87' lang='lat' dir='ltr'><em>de</em></span> <span class='ocrx_word' id='word_1_108' title='bbox 277 1923 453 1989; x_wconf 81' lang='lat' dir='ltr'><em>entelechia</em></span> <span class='ocrx_word' id='word_1_109' title='bbox 481 1925 680 2006; x_wconf 78' lang='lat' dir='ltr'><em>Aristotelis,</em></span> <span class='ocrx_word' id='word_1_110' title='bbox 714 1947 798 1990; x_wconf 83' lang='lat' dir='ltr'><em>anno</em></span> <span class='ocrx_word' id='word_1_111' title='bbox 838 1935 944 1990; x_wconf 83' lang='lat' dir='ltr'><em>autem</em></span> <span class='ocrx_word' id='word_1_112' title='bbox 974 1925 1058 1992; x_wconf 86' lang='grc'>1684</span> <span class='ocrx_word' id='word_1_113' title='bbox 1088 1922 1128 1989; x_wconf 84' lang='lat' dir='ltr'><em>ds</em></span> <span class='ocrx_word' id='word_1_114' title='bbox 1157 1925 1235 1990; x_wconf 87' lang='lat' dir='ltr'><em>loco</em></span> 
     </span>
    </p>
   </div>
   <div class='ocr_carea' id='block_1_6' title="bbox 84 2033 1237 2121">
    <p class='ocr_par' dir='ltr' id='par_1_7' title="bbox 84 2033 1237 2121">
     <span class='ocr_line' id='line_1_17' title="bbox 84 2033 1237 2121; baseline 0.001 -23"><span class='ocrx_word' id='word_1_115' title='bbox 84 2039 85 2044; x_wconf 75' lang='grc'>’</span> <span class='ocrx_word' id='word_1_116' title='bbox 203 2034 344 2121; x_wconf 84' lang='lat' dir='ltr'><em>quodam</em></span> <span class='ocrx_word' id='word_1_117' title='bbox 367 2033 611 2102; x_wconf 87' lang='lat' dir='ltr'><em>Eudemiorum.</em></span> <span class='ocrx_word' id='word_1_118' title='bbox 658 2033 885 2102; x_wconf 83' lang='lat' dir='ltr'><em>Seckendorff.</em></span> <span class='ocrx_word' id='word_1_119' title='bbox 909 2035 993 2103; x_wconf 85' lang='lat' dir='ltr'><em>enim</em></span> <span class='ocrx_word' id='word_1_120' title='bbox 1015 2036 1049 2100; x_wconf 90' lang='lat' dir='ltr'><em>in</em></span> <span class='ocrx_word' id='word_1_121' title='bbox 1071 2035 1154 2100; x_wconf 89' lang='lat' dir='ltr'><em>libro</em></span> <span class='ocrx_word' id='word_1_122' title='bbox 1177 2033 1237 2100; x_wconf 89' lang='lat' dir='ltr'><em>cui</em></span> 
     </span>
    </p>
   </div>
   <div class='ocr_carea' id='block_1_7' title="bbox 137 2145 1236 3761">
    <p class='ocr_par' dir='ltr' id='par_1_8' title="bbox 137 2145 1236 3761">
     <span class='ocr_line' id='line_1_18' title="bbox 199 2145 1236 2232; baseline 0 -22"><span class='ocrx_word' id='word_1_123' title='bbox 199 2145 311 2211; x_wconf 86' lang='lat' dir='ltr'><em>titulus</em></span> <span class='ocrx_word' id='word_1_124' title='bbox 336 2155 384 2212; x_wconf 84' lang='lat' dir='ltr'><em>est</em></span> <span class='ocrx_word' id='word_1_125' title='bbox 407 2145 576 2213; x_wconf 74' lang='lat' dir='ltr'><em>Christenn</em></span> <span class='ocrx_word' id='word_1_126' title='bbox 604 2145 709 2230; x_wconf 81' lang='lat' dir='ltr'><em>Stant,</em></span> <span class='ocrx_word' id='word_1_127' title='bbox 733 2149 753 2212; x_wconf 85' lang='lat'><strong>3</strong></span> <span class='ocrx_word' id='word_1_128' title='bbox 772 2147 904 2213; x_wconf 80' lang='lat' dir='ltr'><em>Bttcher</em></span> <span class='ocrx_word' id='word_1_129' title='bbox 933 2157 993 2213; x_wconf 87' lang='lat' dir='ltr'><em>etc.</em></span> <span class='ocrx_word' id='word_1_130' title='bbox 1016 2146 1127 2232; x_wconf 79' lang='lat' dir='ltr'><em>Leipn.</em></span> <span class='ocrx_word' id='word_1_131' title='bbox 1146 2145 1236 2212; x_wconf 83' lang='lat'>1693</span> 
     </span>
     <span class='ocr_line' id='line_1_19' title="bbox 137 2256 1232 2345; baseline 0.001 -24"><span class='ocrx_word' id='word_1_132' title='bbox 137 2332 142 2344; x_wconf 19' lang='lat' dir='ltr'>x</span> <span class='ocrx_word' id='word_1_133' title='bbox 200 2256 240 2322; x_wconf 89' lang='lat' dir='ltr'><em>dc</em></span> <span class='ocrx_word' id='word_1_134' title='bbox 271 2259 430 2324; x_wconf 82' lang='lat' dir='ltr'><em>sententia</em></span> <span class='ocrx_word' id='word_1_135' title='bbox 459 2258 644 2324; x_wconf 84' lang='lat' dir='ltr'><em>Aristotelis</em></span> <span class='ocrx_word' id='word_1_136' title='bbox 682 2281 779 2345; x_wconf 87' lang='lat' dir='ltr'><em>quam</em></span> <span class='ocrx_word' id='word_1_137' title='bbox 813 2281 843 2344; x_wconf 78' lang='lat' dir='ltr'><em>p,</em></span> <span class='ocrx_word' id='word_1_138' title='bbox 873 2259 935 2324; x_wconf 89' lang='lat'><em>106</em></span> <span class='ocrx_word' id='word_1_139' title='bbox 978 2257 1232 2342; x_wconf 66' lang='lat' dir='ltr'><em>(redditionem)</em></span> 
     </span>
     <span class='ocr_line' id='line_1_20' title="bbox 198 2366 1229 2457; baseline 0.001 -26"><span class='ocrx_word' id='word_1_140' title='bbox 198 2368 325 2434; x_wconf 81' lang='lat' dir='ltr'><em>laudat:</em></span> <span class='ocrx_word' id='word_1_141' title='bbox 348 2370 443 2457; x_wconf 71' lang='grc' dir='ltr'><em>δῆλον</em></span> <span class='ocrx_word' id='word_1_142' title='bbox 467 2369 506 2456; x_wconf 69' lang='grc' dir='ltr'><em>δὴ</em></span> <span class='ocrx_word' id='word_1_143' title='bbox 529 2370 639 2453; x_wconf 78' lang='grc' dir='ltr'><em>ὥσπερ</em></span> <span class='ocrx_word' id='word_1_144' title='bbox 663 2368 696 2430; x_wconf 82' lang='grc' dir='ltr'><em>ἐν</em></span> <span class='ocrx_word' id='word_1_145' title='bbox 719 2370 767 2452; x_wconf 80' lang='grc' dir='ltr'><em>τῷ</em></span> <span class='ocrx_word' id='word_1_146' title='bbox 788 2369 852 2454; x_wconf 75' lang='grc' dir='ltr'><em>ὅλῳ</em></span> <span class='ocrx_word' id='word_1_147' title='bbox 868 2366 946 2438; x_wconf 70' lang='grc' dir='ltr'><em>θεὸς</em></span> <span class='ocrx_word' id='word_1_148' title='bbox 960 2371 1008 2432; x_wconf 78' lang='grc' dir='ltr'><em>καὶ</em></span> <span class='ocrx_word' id='word_1_149' title='bbox 1025 2374 1085 2433; x_wconf 81' lang='grc' dir='ltr'><em>πᾶν</em></span> <span class='ocrx_word' id='word_1_150' title='bbox 1100 2369 1229 2454; x_wconf 82' lang='grc' dir='ltr'><em>ἐκείνῳ·</em></span> 
     </span>
     <span class='ocr_line' id='line_1_21' title="bbox 200 2477 1233 2569; baseline 0 -27"><span class='ocrx_word' id='word_1_151' title='bbox 200 2481 277 2542; x_wconf 78' lang='grc' dir='ltr'><em>κινεῖ</em></span> <span class='ocrx_word' id='word_1_152' title='bbox 301 2480 363 2564; x_wconf 67' lang='grc' dir='ltr'><em>γάρ</em></span> <span class='ocrx_word' id='word_1_153' title='bbox 398 2501 466 2547; x_wconf 82' lang='grc' dir='ltr'><em>πως</em></span> <span class='ocrx_word' id='word_1_154' title='bbox 500 2480 600 2542; x_wconf 78' lang='grc' dir='ltr'><em>πάντα</em></span> <span class='ocrx_word' id='word_1_155' title='bbox 630 2480 665 2540; x_wconf 78' lang='grc' dir='ltr'><em>τὸ</em></span> <span class='ocrx_word' id='word_1_156' title='bbox 694 2477 728 2540; x_wconf 85' lang='grc' dir='ltr'><em>ἐν</em></span> <span class='ocrx_word' id='word_1_157' title='bbox 755 2480 827 2566; x_wconf 63' lang='grc' dir='ltr'><em>ἡμῖν</em></span> <span class='ocrx_word' id='word_1_158' title='bbox 854 2477 951 2542; x_wconf 70' lang='grc' dir='ltr'><em>θεῖον.</em></span> <span class='ocrx_word' id='word_1_159' title='bbox 986 2479 1079 2562; x_wconf 74' lang='grc' dir='ltr'><em>λόγου</em></span> <span class='ocrx_word' id='word_1_160' title='bbox 1110 2479 1233 2569; x_wconf 62' lang='grc' dir='ltr'><em>δ’ἀρχῆ</em></span> 
     </span>
     <span class='ocr_line' id='line_1_22' title="bbox 201 2589 1229 2677; baseline 0.001 -23"><span class='ocrx_word' id='word_1_161' title='bbox 201 2589 237 2654; x_wconf 83' lang='grc' dir='ltr'><em>οὔ</em></span> <span class='ocrx_word' id='word_1_162' title='bbox 267 2590 361 2672; x_wconf 74' lang='grc' dir='ltr'><em>λόγος</em></span> <span class='ocrx_word' id='word_1_163' title='bbox 388 2591 469 2654; x_wconf 80' lang='grc' dir='ltr'><em>ἀλλά</em></span> <span class='ocrx_word' id='word_1_164' title='bbox 497 2611 523 2654; x_wconf 84' lang='grc' dir='ltr'><em>τι</em></span> <span class='ocrx_word' id='word_1_165' title='bbox 553 2591 692 2677; x_wconf 82' lang='grc' dir='ltr'><em>κρεῖττον</em></span> <span class='ocrx_word' id='word_1_166' title='bbox 720 2589 765 2654; x_wconf 85' lang='lat' dir='ltr'><em>ita</em></span> <span class='ocrx_word' id='word_1_167' title='bbox 793 2589 861 2654; x_wconf 85' lang='lat' dir='ltr'><em>fere</em></span> <span class='ocrx_word' id='word_1_168' title='bbox 891 2589 985 2655; x_wconf 89' lang='lat' dir='ltr'><em>dicit:</em></span> <span class='ocrx_word' id='word_1_169' title='bbox 1011 2589 1075 2654; x_wconf 72' lang='lat' dir='ltr'><em>»Es</em></span> <span class='ocrx_word' id='word_1_170' title='bbox 1106 2589 1229 2655; x_wconf 85' lang='lat' dir='ltr'><em>blaibet</em></span> 
     </span>
     <span class='ocr_line' id='line_1_23' title="bbox 201 2698 1232 2783; baseline 0.002 -20"><span class='ocrx_word' id='word_1_171' title='bbox 201 2698 287 2763; x_wconf 89' lang='lat' dir='ltr'><em>doch</em></span> <span class='ocrx_word' id='word_1_172' title='bbox 310 2700 396 2764; x_wconf 90' lang='lat' dir='ltr'><em>noch</em></span> <span class='ocrx_word' id='word_1_173' title='bbox 419 2723 460 2766; x_wconf 84' lang='lat' dir='ltr'><em>nu</em></span> <span class='ocrx_word' id='word_1_174' title='bbox 482 2700 710 2783; x_wconf 85' lang='lat' dir='ltr'><em>untcrsuchcn,</em></span> <span class='ocrx_word' id='word_1_175' title='bbox 734 2701 775 2765; x_wconf 85' lang='lat' dir='ltr'><em>ob&#39;</em></span> <span class='ocrx_word' id='word_1_176' title='bbox 799 2723 835 2764; x_wconf 89' lang='lat' dir='ltr'><em>er</em></span> <span class='ocrx_word' id='word_1_177' title='bbox 853 2699 912 2764; x_wconf 82' lang='lat' dir='ltr'><em>mit</em></span> <span class='ocrx_word' id='word_1_178' title='bbox 927 2699 999 2766; x_wconf 89' lang='lat' dir='ltr'><em>dem</em></span> <span class='ocrx_word' id='word_1_179' title='bbox 1014 2699 1131 2768; x_wconf 83' lang='lat' dir='ltr'><em>Wortc</em></span> <span class='ocrx_word' id='word_1_180' title='bbox 1147 2699 1232 2766; x_wconf 78' lang='lat' dir='ltr'><em>Gon</em></span> 
     </span>
     <span class='ocr_line' id='line_1_24' title="bbox 199 2808 1228 2895; baseline 0.002 -21"><span class='ocrx_word' id='word_1_181' title='bbox 199 2808 277 2874; x_wconf 87' lang='lat' dir='ltr'><em>oder</em></span> <span class='ocrx_word' id='word_1_182' title='bbox 299 2809 438 2895; x_wconf 74' lang='lat' dir='ltr'><em>gottlich</em></span> <span class='ocrx_word' id='word_1_183' title='bbox 461 2809 511 2877; x_wconf 88' lang='lat' dir='ltr'><em>die</em></span> <span class='ocrx_word' id='word_1_184' title='bbox 531 2810 715 2876; x_wconf 72' lang='lat' dir='ltr'><em>Providens</em></span> <span class='ocrx_word' id='word_1_185' title='bbox 732 2809 849 2876; x_wconf 85' lang='lat' dir='ltr'><em>Gottes</em></span> <span class='ocrx_word' id='word_1_186' title='bbox 872 2811 951 2878; x_wconf 88' lang='lat' dir='ltr'><em>oder</em></span> <span class='ocrx_word' id='word_1_187' title='bbox 972 2835 1035 2877; x_wconf 85' lang='lat' dir='ltr'><em>nur</em></span> <span class='ocrx_word' id='word_1_188' title='bbox 1058 2809 1110 2876; x_wconf 83' lang='lat' dir='ltr'><em>dic</em></span> <span class='ocrx_word' id='word_1_189' title='bbox 1124 2811 1228 2877; x_wconf 88' lang='lat' dir='ltr'><em>Noth-</em></span> 
     </span>
     <span class='ocr_line' id='line_1_25' title="bbox 198 2917 1225 3006; baseline 0.003 -22"><span class='ocrx_word' id='word_1_190' title='bbox 198 2919 395 3006; x_wconf 83' lang='lat' dir='ltr'><em>wendigkeit</em></span> <span class='ocrx_word' id='word_1_191' title='bbox 417 2918 475 2985; x_wconf 86' lang='lat' dir='ltr'><em>der</em></span> <span class='ocrx_word' id='word_1_192' title='bbox 496 2917 603 2986; x_wconf 76' lang='lat' dir='ltr'><em>Natus</em></span> <span class='ocrx_word' id='word_1_193' title='bbox 628 2974 634 2987; x_wconf 91' lang='lat'><strong>.</strong></span> <span class='ocrx_word' id='word_1_194' title='bbox 660 2973 666 2987; x_wconf 94' lang='lat'><strong>.</strong></span> <span class='ocrx_word' id='word_1_195' title='bbox 695 2921 887 3006; x_wconf 63' lang='lat' dir='ltr'><em>gememus</em></span> <span class='ocrx_word' id='word_1_196' title='bbox 934 2920 1027 3000; x_wconf 83' lang='lat' dir='ltr'><em>Quae</em></span> <span class='ocrx_word' id='word_1_197' title='bbox 1056 2921 1097 2987; x_wconf 82' lang='lat' dir='ltr'><em>ad</em></span> <span class='ocrx_word' id='word_1_198' title='bbox 1129 2921 1225 2988; x_wconf 77' lang='lat' dir='ltr'><em>verba</em></span> 
     </span>
     <span class='ocr_line' id='line_1_26' title="bbox 198 3017 1230 3120; baseline 0.002 -24"><span class='ocrx_word' id='word_1_199' title='bbox 198 3031 398 3114; x_wconf 85' lang='lat' dir='ltr'><em>Leibnitius‚</em></span> <span class='ocrx_word' id='word_1_200' title='bbox 438 3040 474 3096; x_wconf 86' lang='lat' dir='ltr'><em>ut</em></span> <span class='ocrx_word' id='word_1_201' title='bbox 498 3029 724 3097; x_wconf 85' lang='lat' dir='ltr'><em>Seckendorff.</em></span> <span class='ocrx_word' id='word_1_202' title='bbox 755 3017 849 3098; x_wconf 82' lang='lat' dir='ltr'><em>affert</em></span> <span class='ocrx_word' id='word_1_203' title='bbox 879 3035 923 3120; x_wconf 83' lang='lat' dir='ltr'><em>(p.</em></span> <span class='ocrx_word' id='word_1_204' title='bbox 948 3035 1022 3116; x_wconf 80' lang='lat'>108)</span> <span class='ocrx_word' id='word_1_205' title='bbox 1054 3033 1230 3120; x_wconf 81' lang='lat' dir='ltr'><em>epistulam</em></span> 
     </span>
     <span class='ocr_line' id='line_1_27' title="bbox 199 3140 1230 3229; baseline -0.002 -23"><span class='ocrx_word' id='word_1_206' title='bbox 199 3141 338 3229; x_wconf 82' lang='lat' dir='ltr'><em>scripsit,</em></span> <span class='ocrx_word' id='word_1_207' title='bbox 361 3163 428 3228; x_wconf 79' lang='lat' dir='ltr'><em>quc</em></span> <span class='ocrx_word' id='word_1_208' title='bbox 451 3140 492 3206; x_wconf 90' lang='lat' dir='ltr'><em>de</em></span> <span class='ocrx_word' id='word_1_209' title='bbox 505 3141 567 3206; x_wconf 89' lang='lat' dir='ltr'><em>isto</em></span> <span class='ocrx_word' id='word_1_210' title='bbox 582 3142 656 3208; x_wconf 90' lang='lat' dir='ltr'><em>loco</em></span> <span class='ocrx_word' id='word_1_211' title='bbox 672 3143 856 3209; x_wconf 85' lang='lat' dir='ltr'><em>Aristotelis</em></span> <span class='ocrx_word' id='word_1_212' title='bbox 875 3143 970 3211; x_wconf 74' lang='lat' dir='ltr'><em>sVII.</em></span> <span class='ocrx_word' id='word_1_213' title='bbox 988 3143 1113 3227; x_wconf 84' lang='lat' dir='ltr'><em>eudem,</em></span> <span class='ocrx_word' id='word_1_214' title='bbox 1129 3168 1147 3208; x_wconf 92' lang='lat' dir='ltr'><em>c</em></span> <span class='ocrx_word' id='word_1_215' title='bbox 1164 3142 1230 3210; x_wconf 65' lang='lat' dir='ltr'><em>lte</em></span> 
     </span>
     <span class='ocr_line' id='line_1_28' title="bbox 194 3250 1228 3342; baseline 0.004 -27"><span class='ocrx_word' id='word_1_216' title='bbox 194 3251 330 3336; x_wconf 81' lang='lat' dir='ltr'><em>judicat.</em></span> <span class='ocrx_word' id='word_1_217' title='bbox 367 3251 471 3317; x_wconf 84' lang='lat' dir='ltr'><em>Recto</em></span> <span class='ocrx_word' id='word_1_218' title='bbox 494 3250 616 3324; x_wconf 83' lang='lat' dir='ltr'><em>dictum</em></span> <span class='ocrx_word' id='word_1_219' title='bbox 639 3275 719 3337; x_wconf 85' lang='lat' dir='ltr'><em>csse,</em></span> <span class='ocrx_word' id='word_1_220' title='bbox 741 3254 775 3319; x_wconf 92' lang='lat' dir='ltr'><em>in</em></span> <span class='ocrx_word' id='word_1_221' title='bbox 796 3254 889 3320; x_wconf 88' lang='lat' dir='ltr'><em>nobis</em></span> <span class='ocrx_word' id='word_1_222' title='bbox 906 3275 976 3320; x_wconf 85' lang='lat' dir='ltr'><em>esse</em></span> <span class='ocrx_word' id='word_1_223' title='bbox 990 3254 1113 3342; x_wconf 78' lang='lat' dir='ltr'><em>aliquid</em></span> <span class='ocrx_word' id='word_1_224' title='bbox 1128 3273 1228 3340; x_wconf 78' lang='lat' dir='ltr'><em>agent</em></span> 
     </span>
     <span class='ocr_line' id='line_1_29' title="bbox 198 3360 1226 3452; baseline 0.002 -24"><span class='ocrx_word' id='word_1_225' title='bbox 198 3360 325 3428; x_wconf 79' lang='lat' dir='ltr'><em>ratione</em></span> <span class='ocrx_word' id='word_1_226' title='bbox 353 3362 570 3450; x_wconf 76' lang='lat' dir='ltr'><em>praestantius</em></span> <span class='ocrx_word' id='word_1_227' title='bbox 598 3363 696 3431; x_wconf 91' lang='lat' dir='ltr'><em>immo</em></span> <span class='ocrx_word' id='word_1_228' title='bbox 720 3363 881 3448; x_wconf 87' lang='lat' dir='ltr'><em>divinum,</em></span> <span class='ocrx_word' id='word_1_229' title='bbox 911 3385 1107 3452; x_wconf 78' lang='lat' dir='ltr'><em>quamquam</em></span> <span class='ocrx_word' id='word_1_230' title='bbox 1134 3365 1226 3430; x_wconf 79' lang='lat' dir='ltr'><em>retio-</em></span> 
     </span>
     <span class='ocr_line' id='line_1_30' title="bbox 198 3471 1227 3560; baseline 0.001 -23"><span class='ocrx_word' id='word_1_231' title='bbox 198 3495 257 3538; x_wconf 88' lang='lat' dir='ltr'><em>nes</em></span> <span class='ocrx_word' id='word_1_232' title='bbox 280 3495 361 3560; x_wconf 83' lang='lat' dir='ltr'><em>quas</em></span> <span class='ocrx_word' id='word_1_233' title='bbox 376 3471 568 3539; x_wconf 84' lang='lat' dir='ltr'><em>Aristoteles</em></span> <span class='ocrx_word' id='word_1_234' title='bbox 591 3475 704 3540; x_wconf 82' lang='lat' dir='ltr'><em>afferat</em></span> <span class='ocrx_word' id='word_1_235' title='bbox 720 3474 760 3541; x_wconf 84' lang='lat' dir='ltr'><em>dn</em></span> <span class='ocrx_word' id='word_1_236' title='bbox 777 3474 1003 3540; x_wconf 83' lang='lat' dir='ltr'><em>enthusiasmis</em></span> <span class='ocrx_word' id='word_1_237' title='bbox 1022 3485 1055 3541; x_wconf 83' lang='lat' dir='ltr'><em>ct</em></span> <span class='ocrx_word' id='word_1_238' title='bbox 1076 3473 1227 3540; x_wconf 86' lang='lat' dir='ltr'><em>successi·</em></span> 
     </span>
     <span class='ocr_line' id='line_1_31' title="bbox 199 3582 1226 3672; baseline 0.001 -24"><span class='ocrx_word' id='word_1_239' title='bbox 199 3583 260 3648; x_wconf 86' lang='lat' dir='ltr'><em>bus</em></span> <span class='ocrx_word' id='word_1_240' title='bbox 282 3583 507 3671; x_wconf 84' lang='lat' dir='ltr'><em>imperitorum</em></span> <span class='ocrx_word' id='word_1_241' title='bbox 529 3607 644 3672; x_wconf 81' lang='lat' dir='ltr'><em>purum</em></span> <span class='ocrx_word' id='word_1_242' title='bbox 668 3585 731 3650; x_wconf 81' lang='lat' dir='ltr'><em>sint</em></span> <span class='ocrx_word' id='word_1_243' title='bbox 752 3583 886 3650; x_wconf 80' lang='lat' dir='ltr'><em>vslidse.</em></span> <span class='ocrx_word' id='word_1_244' title='bbox 926 3582 1061 3670; x_wconf 79' lang='lat' dir='ltr'><em>Spectet</em></span> <span class='ocrx_word' id='word_1_245' title='bbox 1076 3585 1226 3651; x_wconf 88' lang='lat' dir='ltr'><em>nimirum</em></span> 
     </span>
     <span class='ocr_line' id='line_1_32' title="bbox 201 3692 1226 3761; baseline 0.002 -2"><span class='ocrx_word' id='word_1_246' title='bbox 201 3692 384 3760; x_wconf 85' lang='lat' dir='ltr'><em>Leibnitius</em></span> <span class='ocrx_word' id='word_1_247' title='bbox 408 3692 449 3759; x_wconf 83' lang='lat' dir='ltr'><em>sd</em></span> <span class='ocrx_word' id='word_1_248' title='bbox 471 3695 595 3760; x_wconf 80' lang='lat' dir='ltr'><em>hancce</em></span> <span class='ocrx_word' id='word_1_249' title='bbox 617 3694 897 3760; x_wconf 78' lang='lat' dir='ltr'><em>ratiocinationem</em></span> <span class='ocrx_word' id='word_1_250' title='bbox 914 3694 1099 3761; x_wconf 85' lang='lat' dir='ltr'><em>Aristotelis</em></span> <span class='ocrx_word' id='word_1_251' title='bbox 1124 3693 1226 3760; x_wconf 75' lang='lat' dir='ltr'><em>»vide</em></span> 
     </span>
    </p>
   </div>
   <div class='ocr_carea' id='block_1_8' title="bbox 0 0 1414 4160">
    <p class='ocr_par' dir='ltr' id='par_1_9' title="bbox 0 0 1414 4160">
     <span class='ocr_line' id='line_1_33' title="bbox 0 0 1414 4160; baseline 0 1"><span class='ocrx_word' id='word_1_252' title='bbox 0 0 1414 4160; x_wconf 95' lang='lat' dir='ltr'><em> </em></span> 
     </span>
    </p>
   </div>
  </div>
 </body>
</html>
