2818 4160
592 171 804 238 ..74-

189 347 244 412 »rin
273 367 306 410 ec
335 343 510 408 muscetum
538 356 573 406 ot
594 342 733 406 sentiens
760 363 807 424 eo,
836 365 919 428 quoa
945 340 1137 428 allqaoto’ee
1172 362 1257 404 oon·
1348 321 1349 356 ³

132 459 297 542 juncto
316 453 430 542 fussee
457 465 622 541 aspertum
648 465 704 530 est,
733 475 849 521 rursus
871 455 1071 538 conjunctum
1102 451 1169 516 ἑνί
1193 473 1256 514 εω-

183 580 314 655 pectet«
364 566 438 632 »Ita
462 588 555 630 coner
578 565 706 644 (4652)
743 565 912 652 aliquoties
944 565 1180 652 vapulantes,
1216 562 1258 628 εἰ

148 678 268 766 qaid
307 677 479 766 displicens
515 676 655 762 fecerint
683 699 799 744 rursus
828 676 959 742 verbere
988 687 1184 764 expectant
1211 697 1248 740 es

187 790 271 857 idem
284 790 450 878 fociant«
496 787 623 857 Eodem
645 788 741 876 ple'ne
763 787 859 856 modo
882 787 950 875 agit
971 809 1067 856 ncuv.
1085 800 1170 854 ess.
1189 785 1246 852 II.

189 905 205 967 1
231 926 262 990 p.
277 902 338 968 237
347 901 377 968 b.

272 1011 394 1100 Jtsque
415 1009 476 1076 hoc
500 1032 669 1076 commune
692 1019 741 1076 est
759 1007 943 1078 homiuibus
960 1007 1130 1094 empiricis
1150 1029 1242 1074 cum
1350 1077 1351 1108 p

186 1121 305 1206 brunin
328 1143 424 1209 saepe
446 1120 486 1186 fit
506 1142 605 1208 quum
624 1120 704 1186 haec
719 1119 863 1186 idearum
879 1143 975 1206 quam
991 1128 1113 1184 vocant
1132 1139 1236 1186 aeso-
1350 1143 1351 1152 ¹

187 1232 293 1316 ciatio,
316 1237 426 1316 (nouv.
449 1252 511 1298 ees.
527 1230 563 1296 II
584 1231 627 1297 32
648 1231 747 1313 p296
770 1234 802 1316 a)
825 1253 907 1320 quae
928 1230 1014 1296 haud
1029 1239 1235 1317 spontanea
1350 1297 1351 1302 ,

187 1353 236 1410 est
257 1365 317 1412 noc
340 1342 436 1410 finem
460 1350 593 1432 spectat,
616 1363 674 1428 per
694 1340 846 1408 accidens
861 1341 921 1422 (uti
936 1339 1013 1408 dicit
1027 1339 1232 1408 Leibuitius
1351 1370 1352 1418 p

186 1480 218 1544 p.
235 1457 300 1526 465
325 1491 368 1504 -
391 1451 573 1520 Aristotelis
603 1455 680 1520 κατὰ
708 1452 926 1540 συμβεβηκός)
957 1452 998 1516 sit
1026 1452 1226 1537 conjuncta,

187 1577 224 1635 ut
252 1566 398 1655 empirici
425 1564 560 1652 perinde
589 1575 685 1653 atque
712 1562 808 1630 bruta
834 1562 1046 1651 decipiantur.
1097 1561 1224 1628 Homo
1351 1571 1352 1624 l

186 1699 281 1760 vero,
304 1687 462 1764 quatenus
484 1699 549 1744 uon
577 1675 730 1762 empirice
757 1673 814 1742 sed
841 1673 1038 1740 rationaliter
1065 1672 1137 1760 agit
1170 1673 1219 1758 (p.

187 1788 251 1852 465
263 1789 295 1872 a)
317 1785 404 1856 haud
426 1785 641 1872 experientiae
660 1807 701 1850 ex
716 1784 872 1850 memoria
886 1782 1029 1870 ejusdem
1044 1781 1090 1850 rei
1104 1783 1221 1850 factae

186 1921 246 1966 nee
268 1898 344 1966 solis
366 1898 595 1986 experimentis
617 1896 697 1981 fidit,
721 1895 778 1964 sed
799 1896 956 1985 procedit,
977 1906 1013 1962 ut
1026 1895 1215 1976 Leibuitiue

187 2009 279 2094 dicit,
302 2033 359 2098 per
381 2009 521 2078 rationes
543 2032 564 2076 e
583 2008 698 2098 priori3
720 2008 740 2076 i
763 2031 791 2076 e.
815 2029 1008 2097 percenses
1031 2005 1214 2094 cognoscit,
1352 2017 1353 2024 ’

187 2121 306 2211 quippe
329 2144 413 2210 quae
433 2145 585 2210 προτεραι
606 2120 671 2188 sint
693 2144 795 2209 φυσει.
1349 2031 1354 2364 1

273 2230 425 2300 Similiter
439 2232 630 2298 Aristoteles
642 2234 769 2321 μνήμης
789 2229 970 2312 memoriae,
986 2251 1069 2318 quae
1083 2227 1213 2296 nullum

188 2345 331 2432 postulat
353 2343 510 2426 studium,
534 2341 712 2429 compluria
734 2342 844 2407 statuit
865 2340 1016 2408 animalia
1039 2361 1110 2408 csse
1132 2362 1210 2406 con·

187 2454 295 2536 sortis,
318 2453 499 2539 multosque
521 2451 691 2520 memorius
709 2473 807 2516 unam
822 2451 949 2518 efficere
963 2451 1208 2540 experientiam,

187 2587 228 2633 ex
251 2586 315 2652 qua
330 2562 398 2628 sive
418 2585 459 2631 ex
482 2563 570 2628 omni
591 2562 765 2628 universali
780 2561 812 2629 in
833 2563 939 2630 naimo
955 2566 1150 2654 quiescente,
1165 2602 1209 2614 -

187 2673 274 2764 quod
310 2673 343 2740 in
376 2673 472 2740 rebus
505 2669 814 2760 praetervoluutibus
841 2674 940 2758 inest,
962 2711 1005 2730 -
1032 2697 1097 2742 uno
1129 2684 1210 2744 tam·

187 2807 283 2874 quam
304 2793 433 2872 praeter
454 2785 571 2868 multa,
596 2784 683 2872 quod
705 2785 739 2850 iu
762 2784 912 2852 omuibus
939 2785 1017 2854 insit
1045 2809 1146 2855 unum
1175 2797 1209 2856 et

185 2895 286 2980 item,
309 2894 502 2985 principium
524 2894 593 2960 fieri
615 2893 692 2962 artis
714 2905 747 2960 et
769 2895 929 2967 scientiae.

270 3003 557 3077 Reminiscentiam
580 3027 666 3086 vero,
689 3005 768 3072 nulli
791 3028 832 3072 ex
854 3006 1001 3074 omnibus
1016 3007 1207 3077 animalibus

185 3128 312 3206 praeter
333 3115 454 3184 homiui
474 3137 661 3188 concessam
677 3138 747 3182 esee
761 3116 891 3186 iudicet
906 3155 946 3168 -
963 3117 1092 3187 Etenim
1108 3141 1207 3210 quum

184 3227 218 3295 in
240 3227 411 3316 ἀναμνησει
432 3225 507 3294 iusit
529 3227 703 3314 quaerendi
725 3227 773 3294 vie
796 3239 829 3295 et
855 3228 963 3312 labor,
991 3229 1093 3299 brutis
1119 3229 1207 3309 haud

186 3338 350 3429 competit.
394 3335 505 3416 Quare
527 3337 719 3404 Aristoteles
741 3339 827 3406 illem
849 3351 1015 3427 comperet
1041 3340 1207 3418 ratiocina-

184 3447 275 3529 tioni,
298 3447 485 3535 syllogismo
505 3457 537 3513 et
552 3447 807 3537 disquisitionem
822 3449 986 3538 quandam
1001 3471 1071 3517 esee
1086 3451 1207 3517 intelle·

184 3557 247 3644 git,
271 3579 367 3646 quam
389 3556 427 3623 iis
450 3558 527 3624 solis
549 3569 664 3626 natura
685 3559 847 3642 tribuerit,
871 3559 986 3650 quibus
1009 3559 1208 3631 deliberandi

185 3666 341 3755 competit
351 3669 443 3738 ratio.
474 3671 656 3736 Afferamus
668 3670 767 3752 locos,
783 3668 917 3756 quirem
931 3671 1207 3750 istemilluetruut.

1352 2435 1354 2480 l
