2818 4160
615 110 807 176 ..3-

203 280 347 347 divinum
371 279 491 368 aliquid
513 278 711 367 consilioque
734 281 928 346 conveniens
947 283 1052 350 inesse
1074 285 1129 373 (da
1144 293 1231 374 part.

204 393 301 460 anim.
326 395 355 474 1,
370 392 414 474 5),
437 391 588 456 Baconus
611 391 684 458 odio
707 392 798 479 quasi
821 415 990 458 causarum
1004 393 1147 462 finalium
1168 398 1227 464 in·.

204 503 408 592 quisitionem
431 502 669 590 persequitur,⁹)
693 501 811 568 etenim
836 502 992 568 „sterilis
1020 515 1068 568 est
1096 517 1127 572 et
1148 517 1231 574 tam-

206 638 304 704 quam
325 614 417 700 virgo
441 613 514 679 Deo
538 621 727 680 consecrata
747 615 826 679 nihil
849 614 987 704 parit,¹⁰)
1013 618 1130 680 accusa
1150 616 1230 682 fina-

206 728 247 792 lis
269 737 395 792 tantum
418 725 509 791 abest
531 735 568 792 ut
589 726 700 814 prosit,
729 736 765 792 ut
787 726 884 792 etiam
914 726 1064 793 scientias
1089 749 1230 792 corrum-

206 840 312 926 pat.¹¹)
345 838 503 905 »Formae
526 838 611 904 enim
622 848 804 905 commenta
819 849 895 906 sunt
911 839 1008 906 animi
1023 838 1227 918 humaniaff)

208 935 414 1038 Quapropter
435 948 568 1014 Bacono
588 949 715 1016 videtur
743 949 965 1038 »philosophia
990 949 1145 1014 naturalis
1161 948 1230 1015 Dc·

207 1061 335 1127 mocriti
351 1072 382 1126 et
398 1059 545 1138 aliorum,
561 1063 616 1149 qui
638 1085 746 1128 rerum
770 1061 1012 1150 particularium
1037 1084 1149 1126 causas
1164 1084 1231 1128 rna-

208 1173 309 1238 teriae
331 1173 515 1239 necessitati
538 1173 606 1238 sine
628 1172 868 1239 intermixtione
892 1195 1061 1238 causarum
1084 1171 1229 1240 finalium

209 1282 424 1369 assignarunt,
448 1263 598 1350 ...multo
621 1284 753 1349 solidior
775 1283 874 1349 luisse
899 1331 931 1350 ..
955 1280 1052 1371 quam
1067 1282 1229 1350 Aristote-

206 1393 245 1458 lis
268 1405 301 1460 et
323 1393 469 1460 Platonis
491 1395 575 1460 hanc
598 1394 725 1459 unicam
756 1395 797 1459 ob
821 1418 968 1475 causam,
1009 1395 1097 1482 quod
1125 1394 1170 1460 illi
1192 1395 1226 1460 in

191 1506 315 1586 ,causis
337 1505 486 1572 finalibus
510 1527 674 1592 nunquam
699 1528 829 1593 operam
857 1504 1033 1590 triverunt,
1060 1505 1094 1571 hi
1121 1515 1228 1572 antem

209 1638 263 1680 eas
286 1628 442 1705 perpetuo
463 1617 740 1704 inculcarunt.«¹³)

289 1727 441 1792 Baconns
470 1727 515 1793 ita
543 1729 636 1816 quasi
667 1728 734 1794 dux
755 1729 818 1794 fuit
838 1729 987 1807 illorum,
1015 1729 1070 1819 qui
1099 1738 1225 1796 veteres

205 1837 381 1904 contemtui
404 1839 561 1904 obnoxios
585 1841 762 1923 crederent,
785 1840 978 1907 Aristoteles
1002 1863 1042 1906 ex
1066 1842 1134 1923 ejus
1157 1861 1226 1904 sen·

205 1947 308 2012 tentia
332 1947 586 2036 »philosophiam
608 1953 786 2016 naturalem
811 1951 979 2017 dialectica
1001 1973 1059 2016 sua
1081 1948 1226 2036 corrupit

207 2055 282 2143 quia
310 2057 465 2122 mundum
504 2081 546 2122 ex
574 2061 742 2146 categoriis
771 2063 912 2127 effecerit
940 2108 973 2129 ..
1000 2071 1033 2127 et
1058 2061 1228 2125 innumera

205 2167 269 2232 alia
298 2190 356 2255 pro
379 2168 511 2234 arbitrio
534 2192 592 2234 suo
614 2161 749 2234 naturae
771 2191 877 2236 rerum
898 2170 1102 2258 imposuerit,
1124 2169 1226 2258 magis

211 2277 331 2366 ubique
353 2279 516 2362 sollicitus,
540 2280 703 2368 quomodo
727 2281 798 2370 quis
820 2279 1046 2369 respondendo
1070 2303 1104 2345 se
1127 2280 1227 2367 expli-

206 2399 258 2454 cet
287 2399 320 2455 et
348 2389 469 2478 aliquid
497 2389 651 2458 reddatur
679 2392 713 2457 in
740 2392 847 2458 verbis
870 2392 1043 2481 positivum
1066 2414 1163 2480 quam
1186 2391 1226 2456 de

208 2497 334 2563 interna
355 2523 462 2565 rerum
483 2501 647 2567 veritate«
685 2503 869 2570 Aristotelis
891 2502 1024 2591 physica
1046 2502 1126 2567 nihil
1141 2502 1227 2568 aliud

210 2630 329 2695 »quam
344 2608 530 2676 dialecticae
552 2635 667 2678 voces«
685 2614 875 2702 plerumque
894 2616 1031 2694 senatu)
1056 2625 1089 2681 et
1113 2637 1228 2702 »expe-

206 2718 356 2786 rientiam
386 2719 428 2786 ad
455 2745 514 2786 sua
541 2723 660 2812 placita
686 2734 806 2790 tortam
828 2726 1040 2792 circumducit
1069 2737 1102 2792 et
1131 2726 1228 2810 capti·

206 2830 350 2912 vamrll)
394 2830 485 2900 Baco
508 2834 653 2923 quamvis
675 2836 777 2902 multa
806 2837 967 2904 veteribus
998 2836 1162 2918 debuerit,
1185 2873 1228 2884 -—

287 3007 310 3067 91
329 3005 406 3058 Recte
418 3005 544 3058 Goethans
562 3007 594 3058 da
611 3009 659 3059 hae
669 3025 699 3061 te
716 3009 747 3061 cf.
768 3009 916 3062 Geschlchta
934 3011 978 3060 der
995 3007 1164 3059 Farbenlehre
1176 3025 1228 3076 opp

206 3089 249 3150 39,
258 3091 326 3145 .124.

277 3177 313 3244 ¹⁰)
331 3178 363 3228 de
380 3177 520 3245 augmentis
538 3195 572 3228 sc.
590 3178 633 3230 lib.
651 3180 697 3243 Ill,
717 3181 740 3234 5.
760 3197 780 3232 c.
798 3197 824 3245 p.
843 3180 901 3233 267.
920 3178 958 3228 ed.
979 3177 1053 3232 1645.

278 3261 314 3325 1¹)
332 3281 424 3313 norum
442 3279 494 3329 erg.
512 3263 545 3314 Il.
563 3281 588 3330 p.
608 3265 666 3318 145.
685 3264 724 3314 ed.
744 3266 818 3318 1660.

277 3345 315 3409 ¹²)
334 3348 389 3399 aod.
408 3350 428 3400 1.
446 3351 532 3416 apher.
552 3349 593 3403 51.
610 3367 636 3416 p.
656 3351 697 3404 46.

277 3433 311 3496 1³)
329 3433 362 3483 de
378 3451 462 3502 augm.
481 3453 515 3488 sc.
534 3454 559 3503 p,
578 3438 637 3493 264.
657 3435 696 3486 ed
717 3435 791 3490 1645.

279 3517 314 3584 ι4)
333 3537 425 3570 norum
442 3539 494 3588 erg.
513 3523 599 3589 apher.
619 3523 660 3578 63.
677 3540 703 3589 p·
720 3523 762 3578 56.
781 3521 821 3574 ed.
840 3524 915 3578 1660.

280 3610 319 3684 1⁵)
337 3630 392 3666 nov.
411 3632 463 3684 arg.
481 3616 568 3683 apher.
587 3618 628 3672 63.
647 3635 672 3684 p·
691 3619 724 3672 57
743 3617 876 3674 etl-1660·

1044 3705 1081 3762 1*
