2818 4160
547 181 760 247 ..23-

142 365 294 442 acceptae
318 355 359 420 sit
383 353 545 434 addictus,
568 363 604 418 ut
626 353 733 418 dicere
755 373 820 417 non
842 365 991 419 vereatur
1013 359 1056 443 (p.
1072 357 1161 435 osb.)

145 468 238 554 plura
273 489 307 532 se
341 465 478 553 probare
512 463 544 528 in
578 464 668 528 libris
701 463 885 529 Aristotelis
922 467 993 549 περὶ
1031 473 1164 556 φυσικῆς

143 581 330 667 ἀκροάσεως
357 599 457 666 quam,
482 577 515 641 in
548 576 808 641 meditationibus
839 574 986 641 Cartesii.
1035 573 1164 640 Etenim

143 691 231 778 quod
254 689 295 754 ad
311 687 501 769 Cartesium,
525 687 652 776 abunde
676 697 724 752 est
745 685 1049 768 demonstrarunt)
1072 684 1166 750 Leib-

142 801 258 866 nitium
285 797 373 863 haud
395 821 547 886 umquam
570 798 668 863 fuisse
692 797 932 880 Cartesianum3
961 795 1081 862 nedum
1104 795 1164 860 hac

145 922 264 992 aetate,
294 933 393 998 quum
416 910 594 976 Leibnitius
617 908 797 974 Cartesium
819 908 936 994 legisse
958 907 1080 972 tardius
1103 906 1165 972 sibi

143 1022 367 1111 gratuhturffi)
394 1031 426 1086 et
441 1021 657 1101 Aristotelem,
681 1031 717 1088 ut
740 1018 909 1084 ostendere
932 1018 1123 1100 studuimus,
1145 1041 1165 1082 a

143 1134 250 1221 pueris
273 1133 420 1199 habuerit
442 1132 618 1219 cognitum.
655 1133 729 1218 lpse
754 1130 977 1217 inspeoimine
994 1129 1078 1196 1695
1092 1130 1167 1194 seri·

146 1255 202 1331 pto
209 1245 247 1327 96)
272 1244 477 1309 Aristotelem
493 1245 610 1308 fatetur
625 1265 659 1306 se
676 1243 766 1329 quasi
782 1243 840 1306 sub
856 1241 990 1328 imperio
1006 1240 1166 1308 habuisse.

144 1357 185 1421 In
207 1365 319 1420 nostra
341 1365 447 1420 autem
470 1355 605 1441 epistula
627 1354 660 1418 in
683 1353 829 1420 Cartesio
853 1354 897 1418 ait
919 1352 1079 1416 »methodi
1099 1366 1167 1416 tcu-

148 1480 217 1530 tum
231 1467 454 1552 propositum«
479 1487 512 1529 se
529 1487 637 1530 amare
653 1471 695 1551 (p.
712 1465 753 1531 48
765 1465 809 1547 b.)
826 1475 858 1530 et
874 1465 914 1530 ad
930 1487 1002 1529 eum
1018 1473 1166 1551 spectant

144 1576 282 1641 maxime
297 1577 395 1642 verba
417 1576 496 1642 haec
519 1576 573 1660 (49
585 1583 647 1663 pl:
678 1599 738 1639 »erc
750 1574 965 1638 Aristotelicas
985 1575 1166 1660 principiis

142 1687 249 1767 fluere
274 1711 312 1752 ea
334 1689 422 1772 ipsc,
456 1710 536 1774 quae
566 1712 587 1751 c
608 1687 836 1750 recentioribus
867 1699 957 1750 tauta
972 1709 1095 1772 pompa
1106 1687 1166 1772 jc·

147 1811 295 1862 ctcutcrs
331 1800 452 1864 etenim
475 1799 626 1884 exiguam
660 1809 805 1864 veterum
837 1821 947 1862 euram
970 1798 1070 1862 immo¹
1091 1821 1166 1862 con·

146 1919 284 1974 temtum
318 1933 429 1974 eorum
461 1911 568 1995 palam
601 1909 744 1974 habitum
769 1918 812 1996 (p.
829 1909 915 1976 orb.
933 1909 1038 1996 epist.)
1062 1908 1092 1973 ei
1113 1931 1168 1973 ex-

147 2021 327 2104 probrarat,
351 2020 542 2105 saepiusque
565 2019 633 2082 aliis
656 2021 754 2083 etiam
775 2019 854 2083 locis
878 2018 1058 2084 Cartesinm
1089 2018 1167 2084 dicit

149 2127 304 2192 librorum
327 2152 421 2193 usum
444 2129 613 2210 celasse.³⁷)
647 2129 817 2193 Honorato
845 2129 963 2193 Fabrio
994 2129 1050 2215 qui
1075 2129 1169 2194 Leib-

148 2237 264 2303 nitium
288 2239 327 2303 ab
349 2239 524 2304 Aristotele
548 2238 688 2304 alienum
709 2240 833 2326 putavit
852 2248 883 2303 et
899 2238 1036 2304 Cartesii
1060 2260 1167 2302 exem·

145 2351 198 2436 plo
221 2351 393 2438 impulsum
417 2351 613 2418 Leibnitium
635 2352 828 2440 hypothesin
858 2373 978 2416 novam
1000 2349 1168 2438 physicam

147 2463 347 2528 comminisci
379 2464 518 2529 toluisse
550 2465 603 2551 (O.
626 2465 660 2532 J.
677 2463 859 2540 Gerhardt,
881 2462 995 2530 Leibn.
1019 2462 1167 2531 mathem.

147 2569 223 2638 Sch.
239 2573 269 2652 2,
292 2595 324 2658 p,
340 2573 390 2652 83,
415 2596 446 2657 p.
464 2574 521 2656 84)
552 2574 663 2640 scribit
695 2574 782 2639 haud
814 2574 915 2638 multo
946 2584 1019 2661 post
1049 2595 1169 2638 annum

147 2684 230 2749 1676
261 2683 315 2766 (of.
348 2682 512 2750 Gorhardt
538 2685 558 2752 l.
584 2708 610 2750 o.
634 2709 665 2772 p.
680 2687 733 2764 7):
765 2709 912 2753 u.„nec
935 2685 975 2750 ab
997 2683 1169 2750 Aristotele
1201 2715 1202 2718 ¹

145 2815 217 2859 sam
247 2791 373 2860 cirenas
399 2819 462 2860 rrec-
482 2797 517 2860 irs
546 2797 764 2862 Democritum
792 2795 870 2860 adeo
894 2819 1087 2882 propensus,
1113 2817 1169 2858 nec

216 3001 253 3068 34)
273 3021 289 3054 a
306 3002 520 3072 Trendelanburg.
540 3005 641 3068 „histor
658 3001 753 3057 Beitr.“
770 3003 804 3055 11.
824 3003 873 3058 193
891 3010 916 3055 et
933 3019 987 3086 seq:

215 3087 252 3147 ³⁶)
273 3089 389 3141 Trendal.
408 3089 426 3140 l.
444 3106 465 3140 e.
483 3107 509 3155 p.
528 3091 587 3144 332.

134 3143 158 3170 κ
215 3169 252 3235 ³⁴³¹)
272 3174 381 3240 systeme
398 3191 511 3226 nouveau
530 3174 604 3226 dela
621 3183 723 3226 nature:
753 3173 873 3241 „lorsque
886 3175 915 3240 je
932 3171 1030 3223 m’dtais
1047 3171 1166 3224 affranchi
1222 3215 1224 3220 .

149 3255 258 3324 dajoug
275 3259 468 3314 d'Aristote...
485 3276 511 3326 p.
532 3259 580 3314 124
596 3259 656 3313 Era

205 3342 251 3406 '⁸7)
270 3344 301 3395 ef.
321 3363 410 3412 supra3
435 3347 465 3398 of.
483 3347 593 3414 repense
616 3364 666 3398 aux,
680 3343 813 3398 reflexions
833 3343 899 3398 1697
917 3360 962 3405 sa,
980 3359 1038 3410 opp.
1056 3351 1116 3398 tom.
1132 3345 1168 3406 Il,

145 3427 195 3482 249
214 3427 232 3478 il
250 3437 289 3479 est
305 3430 357 3480 rrai
381 3447 430 3496 qus
447 3431 494 3484 Mr.
512 3431 644 3503 Descsrtes
663 3449 678 3483 a
700 3431 747 3484 use
763 3431 823 3482 bien
841 3429 965 3482 d’artiflce
981 3445 1045 3498 pour
1064 3431 1167 3498 profiter

144 3513 189 3563 des
215 3513 373 3566 decouvertes
397 3515 441 3568 des
467 3525 550 3570 autres
573 3537 631 3570 sans
652 3519 708 3570 leur
730 3536 762 3570 en
785 3518 883 3569 rouloir
899 3518 1007 3586 paraitre
1031 3517 1163 3570 redet-able

143 3597 357 3650 Leibnitiana
374 3600 416 3654 VI.
440 3621 465 3670 p.
484 3605 536 3660 334
556 3603 618 3668 „Mn
636 3604 711 3657 Desa.
733 3621 749 3654 a
769 3605 845 3656 vonlu
867 3621 955 3672 passer
977 3618 1042 3671 pour
1054 3639 1080 3657 ..
1097 3598 1167 3652 avoir

144 3691 199 3736 tent
216 3684 318 3753 produit
335 3685 367 3740 ds
384 3705 431 3740 son
447 3690 533 3744 tond.“
658 3694 660 3697 ’
