<?xml version="1.0" encoding="UTF-8"?>
<!DOCTYPE html PUBLIC "-//W3C//DTD XHTML 1.0 Transitional//EN"
    "http://www.w3.org/TR/xhtml1/DTD/xhtml1-transitional.dtd">
<html xmlns="http://www.w3.org/1999/xhtml" xml:lang="en" lang="en">
 <head>
  <title>
</title>
<meta http-equiv="Content-Type" content="text/html;charset=utf-8" />
  <meta name='ocr-system' content='tesseract 3.04.00' />
  <meta name='ocr-capabilities' content='ocr_page ocr_carea ocr_par ocr_line ocrx_word'/>
</head>
<body>
  <div class='ocr_page' id='page_1' title='image "./deleibnitiistud00jacogoog_0044.png"; bbox 0 0 2818 4160; ppageno 0'>
   <div class='ocr_carea' id='block_1_1' title="bbox 540 187 756 254">
    <p class='ocr_par' dir='ltr' id='par_1_1' title="bbox 540 187 756 254">
     <span class='ocr_line' id='line_1_1' title="bbox 540 187 756 254; baseline -0.014 -14"><span class='ocrx_word' id='word_1_1' title='bbox 540 187 756 254; x_wconf 65' lang='lat'><strong>...37-</strong></span> 
     </span>
    </p>
   </div>
   <div class='ocr_carea' id='block_1_2' title="bbox 112 357 1160 3545">
    <p class='ocr_par' dir='ltr' id='par_1_2' title="bbox 112 357 1160 3545">
     <span class='ocr_line' id='line_1_2' title="bbox 114 357 1157 447; baseline 0.007 -23"><span class='ocrx_word' id='word_1_2' title='bbox 114 359 200 425; x_wconf 79' lang='lat' dir='ltr'><strong>teta‘a</strong></span> <span class='ocrx_word' id='word_1_3' title='bbox 220 357 360 426; x_wconf 70' lang='grc' dir='ltr'><strong>θιοιλοζι</strong></span> <span class='ocrx_word' id='word_1_4' title='bbox 405 357 469 426; x_wconf 81' lang='lat' dir='ltr'><strong>Jus</strong></span> <span class='ocrx_word' id='word_1_5' title='bbox 490 359 637 426; x_wconf 85' lang='lat' dir='ltr'><strong>strictum</strong></span> <span class='ocrx_word' id='word_1_6' title='bbox 660 382 735 426; x_wconf 88' lang='lat' dir='ltr'><strong>cum</strong></span> <span class='ocrx_word' id='word_1_7' title='bbox 749 359 912 426; x_wconf 81' lang='lat' dir='ltr'><strong>miseriam</strong></span> <span class='ocrx_word' id='word_1_8' title='bbox 929 361 1017 444; x_wconf 86' lang='lat' dir='ltr'><strong>vitet,</strong></span> <span class='ocrx_word' id='word_1_9' title='bbox 1037 364 1089 447; x_wconf 82' lang='lat' dir='ltr'><strong>jus</strong></span> <span class='ocrx_word' id='word_1_10' title='bbox 1106 387 1157 431; x_wconf 87' lang='lat' dir='ltr'><strong>su·</strong></span> 
     </span>
     <span class='ocr_line' id='line_1_3' title="bbox 115 468 1157 558; baseline 0.005 -22"><span class='ocrx_word' id='word_1_11' title='bbox 115 469 241 556; x_wconf 81' lang='lat' dir='ltr'><strong>perine</strong></span> <span class='ocrx_word' id='word_1_12' title='bbox 263 468 305 536; x_wconf 86' lang='lat' dir='ltr'><strong>sd</strong></span> <span class='ocrx_word' id='word_1_13' title='bbox 326 469 512 538; x_wconf 80' lang='lat' dir='ltr'><strong>felicitatem</strong></span> <span class='ocrx_word' id='word_1_14' title='bbox 534 469 654 553; x_wconf 81' lang='lat' dir='ltr'><strong>tendat,</strong></span> <span class='ocrx_word' id='word_1_15' title='bbox 675 469 735 537; x_wconf 85' lang='lat' dir='ltr'><strong>sed</strong></span> <span class='ocrx_word' id='word_1_16' title='bbox 758 469 860 558; x_wconf 84' lang='lat' dir='ltr'><strong>qualis</strong></span> <span class='ocrx_word' id='word_1_17' title='bbox 879 470 914 536; x_wconf 93' lang='lat' dir='ltr'><strong>in</strong></span> <span class='ocrx_word' id='word_1_18' title='bbox 937 470 1020 535; x_wconf 88' lang='lat' dir='ltr'><strong>hanc</strong></span> <span class='ocrx_word' id='word_1_19' title='bbox 1042 485 1157 541; x_wconf 72' lang='lat' dir='ltr'><strong>morte-</strong></span> 
     </span>
     <span class='ocr_line' id='line_1_4' title="bbox 112 577 1159 668; baseline 0.006 -26"><span class='ocrx_word' id='word_1_20' title='bbox 112 579 253 648; x_wconf 82' lang='lat' dir='ltr'><strong>litatem</strong></span> <span class='ocrx_word' id='word_1_21' title='bbox 276 577 372 662; x_wconf 83' lang='lat' dir='ltr'><strong>cedit,</strong></span> <span class='ocrx_word' id='word_1_22' title='bbox 396 579 497 668; x_wconf 81' lang='lat' dir='ltr'><strong>pietas</strong></span> <span class='ocrx_word' id='word_1_23' title='bbox 520 581 655 647; x_wconf 81' lang='lat' dir='ltr'><strong>caeteris</strong></span> <span class='ocrx_word' id='word_1_24' title='bbox 676 579 833 668; x_wconf 80' lang='lat' dir='ltr'><strong>gradibus</strong></span> <span class='ocrx_word' id='word_1_25' title='bbox 863 579 1098 668; x_wconf 80' lang='lat' dir='ltr'>perfectionem</span> <span class='ocrx_word' id='word_1_26' title='bbox 1127 593 1159 648; x_wconf 88' lang='lat' dir='ltr'><strong>et</strong></span> 
     </span>
     <span class='ocr_line' id='line_1_5' title="bbox 112 689 1159 777; baseline 0.003 -21"><span class='ocrx_word' id='word_1_27' title='bbox 112 691 284 760; x_wconf 83' lang='lat' dir='ltr'><strong>effectum</strong></span> <span class='ocrx_word' id='word_1_28' title='bbox 307 689 428 758; x_wconf 80' lang='lat' dir='ltr'><strong>tribuit.</strong></span> <span class='ocrx_word' id='word_1_29' title='bbox 471 691 656 760; x_wconf 82' lang='lat' dir='ltr'><strong>Existentia</strong></span> <span class='ocrx_word' id='word_1_30' title='bbox 676 701 786 758; x_wconf 84' lang='lat' dir='ltr'><strong>autem</strong></span> <span class='ocrx_word' id='word_1_31' title='bbox 808 691 873 758; x_wconf 91' lang='lat' dir='ltr'><strong>Dei</strong></span> <span class='ocrx_word' id='word_1_32' title='bbox 895 702 944 758; x_wconf 90' lang='lat' dir='ltr'><strong>est</strong></span> <span class='ocrx_word' id='word_1_33' title='bbox 961 691 1045 777; x_wconf 84' lang='lat' dir='ltr'><strong>juris</strong></span> <span class='ocrx_word' id='word_1_34' title='bbox 1068 701 1159 759; x_wconf 84' lang='lat' dir='ltr'><strong>netu·</strong></span> 
     </span>
     <span class='ocr_line' id='line_1_6' title="bbox 113 799 1158 890; baseline 0.002 -23"><span class='ocrx_word' id='word_1_35' title='bbox 113 823 181 867; x_wconf 85' lang='lat' dir='ltr'><strong>rae</strong></span> <span class='ocrx_word' id='word_1_36' title='bbox 210 799 458 867; x_wconf 79' lang='lat' dir='ltr'><strong>fundamentum</strong></span> <span class='ocrx_word' id='word_1_37' title='bbox 479 802 646 889; x_wconf 81' lang='lat' dir='ltr'><strong>ultimum3</strong></span> <span class='ocrx_word' id='word_1_38' title='bbox 667 801 743 890; x_wconf 84' lang='lat' dir='ltr'><strong>quia</strong></span> <span class='ocrx_word' id='word_1_39' title='bbox 765 803 958 870; x_wconf 79' lang='lat' dir='ltr'><strong>omnisciens</strong></span> <span class='ocrx_word' id='word_1_40' title='bbox 981 813 1015 868; x_wconf 90' lang='lat' dir='ltr'><strong>et</strong></span> <span class='ocrx_word' id='word_1_41' title='bbox 1029 803 1158 890; x_wconf 83' lang='lat' dir='ltr'><strong>sapiens</strong></span> 
     </span>
     <span class='ocr_line' id='line_1_7' title="bbox 113 911 1157 1000; baseline 0.004 -24"><span class='ocrx_word' id='word_1_42' title='bbox 113 921 175 978; x_wconf 86' lang='lat' dir='ltr'><strong>est</strong></span> <span class='ocrx_word' id='word_1_43' title='bbox 195 911 254 998; x_wconf 88' lang='lat' dir='ltr'><strong>jus</strong></span> <span class='ocrx_word' id='word_1_44' title='bbox 280 934 406 978; x_wconf 88' lang='lat' dir='ltr'><strong>merum</strong></span> <span class='ocrx_word' id='word_1_45' title='bbox 433 923 467 978; x_wconf 86' lang='lat' dir='ltr'><strong>et</strong></span> <span class='ocrx_word' id='word_1_46' title='bbox 498 912 695 1000; x_wconf 83' lang='lat' dir='ltr'><strong>aequitatem</strong></span> <span class='ocrx_word' id='word_1_47' title='bbox 730 911 915 996; x_wconf 82' lang='lat' dir='ltr'><strong>confirmat,</strong></span> <span class='ocrx_word' id='word_1_48' title='bbox 949 913 1026 1000; x_wconf 87' lang='lat' dir='ltr'><strong>quia</strong></span> <span class='ocrx_word' id='word_1_49' title='bbox 1059 913 1157 980; x_wconf 88' lang='lat' dir='ltr'><strong>omni·</strong></span> 
     </span>
     <span class='ocr_line' id='line_1_8' title="bbox 115 1023 1158 1112; baseline 0.002 -24"><span class='ocrx_word' id='word_1_50' title='bbox 115 1032 250 1110; x_wconf 85' lang='lat' dir='ltr'><strong>potens</strong></span> <span class='ocrx_word' id='word_1_51' title='bbox 273 1023 454 1110; x_wconf 82' lang='lat' dir='ltr'><strong>exequitur.</strong></span> <span class='ocrx_word' id='word_1_52' title='bbox 498 1023 587 1090; x_wconf 91' lang='lat' dir='ltr'><strong>Hinc</strong></span> <span class='ocrx_word' id='word_1_53' title='bbox 616 1023 770 1090; x_wconf 88' lang='lat' dir='ltr'><strong>coincidit</strong></span> <span class='ocrx_word' id='word_1_54' title='bbox 797 1023 917 1090; x_wconf 75' lang='lat' dir='ltr'><strong>utilitas</strong></span> <span class='ocrx_word' id='word_1_55' title='bbox 946 1023 1074 1112; x_wconf 83' lang='lat' dir='ltr'><strong>generis</strong></span> <span class='ocrx_word' id='word_1_56' title='bbox 1101 1024 1158 1090; x_wconf 90' lang='lat' dir='ltr'><strong>hu·</strong></span> 
     </span>
     <span class='ocr_line' id='line_1_9' title="bbox 115 1130 1158 1215; baseline 0.002 -17"><span class='ocrx_word' id='word_1_57' title='bbox 115 1132 228 1215; x_wconf 86' lang='lat' dir='ltr'><strong>mani,</strong></span> <span class='ocrx_word' id='word_1_58' title='bbox 251 1133 349 1200; x_wconf 90' lang='lat' dir='ltr'><strong>immo</strong></span> <span class='ocrx_word' id='word_1_59' title='bbox 374 1130 472 1201; x_wconf 89' lang='lat' dir='ltr'><strong>decor</strong></span> <span class='ocrx_word' id='word_1_60' title='bbox 494 1144 528 1199; x_wconf 87' lang='lat' dir='ltr'><strong>et</strong></span> <span class='ocrx_word' id='word_1_61' title='bbox 548 1134 717 1200; x_wconf 85' lang='lat' dir='ltr'><strong>harmonia</strong></span> <span class='ocrx_word' id='word_1_62' title='bbox 746 1133 859 1201; x_wconf 88' lang='lat' dir='ltr'><strong>mundi</strong></span> <span class='ocrx_word' id='word_1_63' title='bbox 887 1157 961 1200; x_wconf 90' lang='lat' dir='ltr'><strong>cum</strong></span> <span class='ocrx_word' id='word_1_64' title='bbox 990 1133 1158 1201; x_wconf 85' lang='lat' dir='ltr'><strong>voluntate</strong></span> 
     </span>
     <span class='ocr_line' id='line_1_10' title="bbox 117 1243 1159 1332; baseline 0.002 -24"><span class='ocrx_word' id='word_1_65' title='bbox 117 1243 251 1309; x_wconf 87' lang='lat' dir='ltr'><strong>divina.</strong></span> <span class='ocrx_word' id='word_1_66' title='bbox 295 1243 348 1310; x_wconf 82' lang='lat' dir='ltr'><strong>Ex</strong></span> <span class='ocrx_word' id='word_1_67' title='bbox 376 1243 439 1309; x_wconf 91' lang='lat' dir='ltr'><strong>hoc</strong></span> <span class='ocrx_word' id='word_1_68' title='bbox 472 1243 630 1332; x_wconf 87' lang='lat' dir='ltr'><strong>principio</strong></span> <span class='ocrx_word' id='word_1_69' title='bbox 656 1247 724 1328; x_wconf 86' lang='lat' dir='ltr'><strong>jam</strong></span> <span class='ocrx_word' id='word_1_70' title='bbox 757 1267 797 1310; x_wconf 90' lang='lat' dir='ltr'><strong>ne</strong></span> <span class='ocrx_word' id='word_1_71' title='bbox 826 1243 937 1310; x_wconf 88' lang='lat' dir='ltr'><strong>bestiis</strong></span> <span class='ocrx_word' id='word_1_72' title='bbox 967 1243 1094 1332; x_wconf 86' lang='lat' dir='ltr'><strong>quidem</strong></span> <span class='ocrx_word' id='word_1_73' title='bbox 1125 1253 1159 1310; x_wconf 91' lang='lat' dir='ltr'><strong>et</strong></span> 
     </span>
     <span class='ocr_line' id='line_1_11' title="bbox 117 1353 1157 1442; baseline 0 -22"><span class='ocrx_word' id='word_1_74' title='bbox 117 1355 288 1420; x_wconf 72' lang='lat' dir='ltr'><strong>creaturis</strong></span> <span class='ocrx_word' id='word_1_75' title='bbox 311 1354 401 1420; x_wconf 83' lang='lat' dir='ltr'><strong>abuti</strong></span> <span class='ocrx_word' id='word_1_76' title='bbox 423 1353 507 1436; x_wconf 86' lang='lat' dir='ltr'><strong>licet,</strong></span> <span class='ocrx_word' id='word_1_77' title='bbox 530 1354 605 1420; x_wconf 90' lang='lat' dir='ltr'><strong>hinc</strong></span> <span class='ocrx_word' id='word_1_78' title='bbox 627 1353 709 1420; x_wconf 88' lang='lat' dir='ltr'><strong>illud</strong></span> <span class='ocrx_word' id='word_1_79' title='bbox 731 1365 940 1442; x_wconf 87' lang='lat' dir='ltr'><strong>praeceptum</strong></span> <span class='ocrx_word' id='word_1_80' title='bbox 955 1354 1090 1420; x_wconf 79' lang='lat' dir='ltr'><strong>honeste</strong></span> <span class='ocrx_word' id='word_1_81' title='bbox 1111 1353 1157 1420; x_wconf 85' lang='lat' dir='ltr'><strong>vi-</strong></span> 
     </span>
     <span class='ocr_line' id='line_1_12' title="bbox 119 1463 1157 1553; baseline 0 -23"><span class='ocrx_word' id='word_1_82' title='bbox 119 1485 219 1532; x_wconf 86' lang='lat' dir='ltr'><strong>vere.</strong></span> <span class='ocrx_word' id='word_1_83' title='bbox 249 1463 273 1530; x_wconf 88' lang='lat' dir='ltr'><strong>J</strong></span> <span class='ocrx_word' id='word_1_84' title='bbox 275 1463 382 1530; x_wconf 87' lang='lat' dir='ltr'><strong>ustitia</strong></span> <span class='ocrx_word' id='word_1_85' title='bbox 405 1473 512 1530; x_wconf 84' lang='lat' dir='ltr'><strong>eutem</strong></span> <span class='ocrx_word' id='word_1_86' title='bbox 528 1464 718 1532; x_wconf 83' lang='lat' dir='ltr'><strong>universalis</strong></span> <span class='ocrx_word' id='word_1_87' title='bbox 732 1466 923 1553; x_wconf 88' lang='lat' dir='ltr'><strong>appellatur,</strong></span> <span class='ocrx_word' id='word_1_88' title='bbox 946 1464 1023 1553; x_wconf 86' lang='lat' dir='ltr'><strong>quia</strong></span> <span class='ocrx_word' id='word_1_89' title='bbox 1045 1485 1157 1532; x_wconf 85' lang='lat' dir='ltr'><strong>omnes</strong></span> 
     </span>
     <span class='ocr_line' id='line_1_13' title="bbox 118 1571 1157 1661; baseline 0.003 -19"><span class='ocrx_word' id='word_1_90' title='bbox 118 1575 210 1642; x_wconf 87' lang='lat' dir='ltr'><strong>alias</strong></span> <span class='ocrx_word' id='word_1_91' title='bbox 232 1573 366 1640; x_wconf 85' lang='lat' dir='ltr'><strong>virtutes</strong></span> <span class='ocrx_word' id='word_1_92' title='bbox 390 1571 635 1661; x_wconf 85' lang='lat' dir='ltr'><strong>comprehendit</strong></span> <span class='ocrx_word' id='word_1_93' title='bbox 657 1576 688 1660; x_wconf 64' lang='lat' dir='ltr'><strong>(ty</strong></span> <span class='ocrx_word' id='word_1_94' title='bbox 704 1575 746 1642; x_wconf 78' lang='lat'><strong>75</strong></span> <span class='ocrx_word' id='word_1_95' title='bbox 767 1596 852 1644; x_wconf 87' lang='lat' dir='ltr'><strong>nova</strong></span> <span class='ocrx_word' id='word_1_96' title='bbox 875 1577 972 1644; x_wconf 90' lang='lat' dir='ltr'><strong>meth.</strong></span> <span class='ocrx_word' id='word_1_97' title='bbox 996 1577 1037 1643; x_wconf 84' lang='lat' dir='ltr'><strong>cf.</strong></span> <span class='ocrx_word' id='word_1_98' title='bbox 1053 1573 1157 1645; x_wconf 84' lang='lat' dir='ltr'><strong>codic.</strong></span> 
     </span>
     <span class='ocr_line' id='line_1_14' title="bbox 120 1682 1157 1775; baseline 0 -23"><span class='ocrx_word' id='word_1_99' title='bbox 120 1709 158 1772; x_wconf 86' lang='lat' dir='ltr'><strong>p.</strong></span> <span class='ocrx_word' id='word_1_100' title='bbox 179 1684 242 1752; x_wconf 88' lang='lat'><strong>119</strong></span> <span class='ocrx_word' id='word_1_101' title='bbox 263 1682 358 1764; x_wconf 86' lang='lat' dir='ltr'><strong>Erd.)</strong></span> <span class='ocrx_word' id='word_1_102' title='bbox 380 1684 457 1750; x_wconf 89' lang='lat' dir='ltr'><strong>item</strong></span> <span class='ocrx_word' id='word_1_103' title='bbox 479 1684 512 1748; x_wconf 90' lang='lat' dir='ltr'><strong>in</strong></span> <span class='ocrx_word' id='word_1_104' title='bbox 535 1705 608 1752; x_wconf 84' lang='lat' dir='ltr'><strong>nov.</strong></span> <span class='ocrx_word' id='word_1_105' title='bbox 638 1693 779 1752; x_wconf 87' lang='lat' dir='ltr'><strong>tentam:</strong></span> <span class='ocrx_word' id='word_1_106' title='bbox 809 1687 859 1754; x_wconf 83' lang='lat' dir='ltr'><strong>La</strong></span> <span class='ocrx_word' id='word_1_107' title='bbox 882 1687 1001 1775; x_wconf 87' lang='lat' dir='ltr'><strong>justice</strong></span> <span class='ocrx_word' id='word_1_108' title='bbox 1031 1687 1157 1754; x_wconf 87' lang='lat' dir='ltr'><strong>univer·</strong></span> 
     </span>
     <span class='ocr_line' id='line_1_15' title="bbox 123 1795 1158 1868; baseline 0.003 -9"><span class='ocrx_word' id='word_1_109' title='bbox 123 1795 210 1868; x_wconf 83' lang='lat' dir='ltr'><strong>selle</strong></span> <span class='ocrx_word' id='word_1_110' title='bbox 232 1806 369 1861; x_wconf 87' lang='lat' dir='ltr'><strong>estnon</strong></span> <span class='ocrx_word' id='word_1_111' title='bbox 392 1796 569 1862; x_wconf 80' lang='lat' dir='ltr'><strong>seulement</strong></span> <span class='ocrx_word' id='word_1_112' title='bbox 591 1818 655 1863; x_wconf 91' lang='lat' dir='ltr'><strong>une</strong></span> <span class='ocrx_word' id='word_1_113' title='bbox 676 1806 769 1865; x_wconf 88' lang='lat' dir='ltr'><strong>vertu</strong></span> <span class='ocrx_word' id='word_1_114' title='bbox 791 1798 872 1864; x_wconf 83' lang='lat' dir='ltr'><strong>maie</strong></span> <span class='ocrx_word' id='word_1_115' title='bbox 899 1803 1005 1865; x_wconf 79' lang='lat' dir='ltr'><strong>meme</strong></span> <span class='ocrx_word' id='word_1_116' title='bbox 1028 1798 1105 1864; x_wconf 86' lang='lat' dir='ltr'><strong>c’est</strong></span> <span class='ocrx_word' id='word_1_117' title='bbox 1126 1797 1158 1862; x_wconf 87' lang='lat' dir='ltr'><strong>la</strong></span> 
     </span>
     <span class='ocr_line' id='line_1_16' title="bbox 124 1907 1086 1996; baseline 0.002 -24"><span class='ocrx_word' id='word_1_118' title='bbox 124 1917 224 1974; x_wconf 87' lang='lat' dir='ltr'><strong>vertu</strong></span> <span class='ocrx_word' id='word_1_119' title='bbox 247 1907 369 1972; x_wconf 84' lang='lat' dir='ltr'><strong>morale</strong></span> <span class='ocrx_word' id='word_1_120' title='bbox 393 1907 534 1974; x_wconf 74' lang='lat' dir='ltr'><strong>entiere«</strong></span> <span class='ocrx_word' id='word_1_121' title='bbox 560 1907 631 1992; x_wconf 80' lang='lat' dir='ltr'>(IV,</span> <span class='ocrx_word' id='word_1_122' title='bbox 655 1909 684 1991; x_wconf 85' lang='lat'><strong>8,</strong></span> <span class='ocrx_word' id='word_1_123' title='bbox 707 1932 740 1996; x_wconf 91' lang='lat' dir='ltr'><strong>p.</strong></span> <span class='ocrx_word' id='word_1_124' title='bbox 756 1908 859 1976; x_wconf 73' lang='lat' dir='ltr'><strong>atah.</strong></span> <span class='ocrx_word' id='word_1_125' title='bbox 882 1908 976 1988; x_wconf 74' lang='lat' dir='ltr'><strong>Ero.)</strong></span> <span class='ocrx_word' id='word_1_126' title='bbox 1081 1953 1086 1960; x_wconf 90' lang='lat'>-</span> 
     </span>
     <span class='ocr_line' id='line_1_17' title="bbox 217 2015 1158 2104; baseline -0.003 -20"><span class='ocrx_word' id='word_1_127' title='bbox 217 2015 294 2084; x_wconf 85' lang='lat' dir='ltr'><strong>Jam</strong></span> <span class='ocrx_word' id='word_1_128' title='bbox 316 2016 455 2082; x_wconf 84' lang='lat' dir='ltr'><strong>vidimus</strong></span> <span class='ocrx_word' id='word_1_129' title='bbox 486 2039 593 2103; x_wconf 83' lang='lat' dir='ltr'><strong>supra,</strong></span> <span class='ocrx_word' id='word_1_130' title='bbox 616 2017 711 2104; x_wconf 59' lang='lat' dir='ltr'><strong>{apud</strong></span> <span class='ocrx_word' id='word_1_131' title='bbox 733 2017 930 2084; x_wconf 86' lang='lat' dir='ltr'><strong>Leibnitium</strong></span> <span class='ocrx_word' id='word_1_132' title='bbox 956 2017 1039 2101; x_wconf 81' lang='lat' dir='ltr'><strong>juris</strong></span> <span class='ocrx_word' id='word_1_133' title='bbox 1067 2025 1158 2082; x_wconf 80' lang='lat' dir='ltr'><strong>natu·</strong></span> 
     </span>
     <span class='ocr_line' id='line_1_18' title="bbox 126 2112 1159 2215; baseline -0.003 -21"><span class='ocrx_word' id='word_1_134' title='bbox 126 2149 188 2195; x_wconf 86' lang='lat' dir='ltr'><strong>rae</strong></span> <span class='ocrx_word' id='word_1_135' title='bbox 210 2126 370 2215; x_wconf 86' lang='lat' dir='ltr'><strong>principia</strong></span> <span class='ocrx_word' id='word_1_136' title='bbox 393 2149 467 2192; x_wconf 90' lang='lat' dir='ltr'><strong>oum</strong></span> <span class='ocrx_word' id='word_1_137' title='bbox 489 2127 603 2193; x_wconf 81' lang='lat' dir='ltr'><strong>ethicis</strong></span> <span class='ocrx_word' id='word_1_138' title='bbox 626 2148 696 2192; x_wconf 86' lang='lat' dir='ltr'><strong>esse</strong></span> <span class='ocrx_word' id='word_1_139' title='bbox 728 2127 901 2209; x_wconf 88' lang='lat' dir='ltr'><strong>conjuncta</strong></span> <span class='ocrx_word' id='word_1_140' title='bbox 928 2112 1031 2212; x_wconf 74' lang='lat' dir='ltr'><strong>aeque</strong></span> <span class='ocrx_word' id='word_1_141' title='bbox 1061 2135 1159 2212; x_wconf 85' lang='lat' dir='ltr'><strong>atque</strong></span> 
     </span>
     <span class='ocr_line' id='line_1_19' title="bbox 126 2233 1160 2328; baseline -0.007 -21"><span class='ocrx_word' id='word_1_142' title='bbox 126 2237 218 2328; x_wconf 86' lang='lat' dir='ltr'><strong>apud</strong></span> <span class='ocrx_word' id='word_1_143' title='bbox 241 2237 458 2316; x_wconf 88' lang='lat' dir='ltr'><strong>Aristotelem,</strong></span> <span class='ocrx_word' id='word_1_144' title='bbox 468 2237 507 2318; x_wconf 70' lang='grc'><strong>61)</strong></span> <span class='ocrx_word' id='word_1_145' title='bbox 552 2236 623 2302; x_wconf 88' lang='lat' dir='ltr'><strong>Nec</strong></span> <span class='ocrx_word' id='word_1_146' title='bbox 646 2235 803 2303; x_wconf 85' lang='lat' dir='ltr'><strong>elementa</strong></span> <span class='ocrx_word' id='word_1_147' title='bbox 824 2235 876 2300; x_wconf 90' lang='lat' dir='ltr'><strong>hic</strong></span> <span class='ocrx_word' id='word_1_148' title='bbox 900 2233 1012 2300; x_wconf 85' lang='lat' dir='ltr'><strong>deesse</strong></span> <span class='ocrx_word' id='word_1_149' title='bbox 1033 2234 1160 2300; x_wconf 86' lang='lat' dir='ltr'><strong>Aristo-</strong></span> 
     </span>
     <span class='ocr_line' id='line_1_20' title="bbox 129 2328 1158 2438; baseline -0.004 -22"><span class='ocrx_word' id='word_1_150' title='bbox 129 2349 235 2433; x_wconf 88' lang='lat' dir='ltr'><strong>telica,</strong></span> <span class='ocrx_word' id='word_1_151' title='bbox 258 2349 314 2438; x_wconf 91' lang='lat' dir='ltr'><strong>qui</strong></span> <span class='ocrx_word' id='word_1_152' title='bbox 337 2347 519 2416; x_wconf 85' lang='lat' dir='ltr'><strong>Aristotelis</strong></span> <span class='ocrx_word' id='word_1_153' title='bbox 541 2345 660 2415; x_wconf 90' lang='lat' dir='ltr'><strong>librum</strong></span> <span class='ocrx_word' id='word_1_154' title='bbox 685 2345 834 2436; x_wconf 87' lang='lat' dir='ltr'><strong>quintum</strong></span> <span class='ocrx_word' id='word_1_155' title='bbox 856 2344 1036 2412; x_wconf 89' lang='lat' dir='ltr'><strong>ethicorum</strong></span> <span class='ocrx_word' id='word_1_156' title='bbox 1054 2328 1158 2412; x_wconf 89' lang='lat' dir='ltr'><strong>consi-</strong></span> 
     </span>
     <span class='ocr_line' id='line_1_21' title="bbox 132 2455 1158 2541; baseline -0.003 -15"><span class='ocrx_word' id='word_1_157' title='bbox 132 2459 310 2541; x_wconf 84' lang='lat' dir='ltr'><strong>deraverit,</strong></span> <span class='ocrx_word' id='word_1_158' title='bbox 331 2458 418 2539; x_wconf 84' lang='lat' dir='ltr'><strong>haud</strong></span> <span class='ocrx_word' id='word_1_159' title='bbox 452 2458 582 2526; x_wconf 84' lang='lat' dir='ltr'><strong>vocabit</strong></span> <span class='ocrx_word' id='word_1_160' title='bbox 614 2458 648 2524; x_wconf 88' lang='lat' dir='ltr'><strong>in</strong></span> <span class='ocrx_word' id='word_1_161' title='bbox 672 2457 815 2524; x_wconf 89' lang='lat' dir='ltr'><strong>dubium.</strong></span> <span class='ocrx_word' id='word_1_162' title='bbox 865 2455 1050 2523; x_wconf 85' lang='lat' dir='ltr'><strong>Aristotelis</strong></span> <span class='ocrx_word' id='word_1_163' title='bbox 1072 2456 1158 2523; x_wconf 91' lang='lat' dir='ltr'><strong>enim</strong></span> 
     </span>
     <span class='ocr_line' id='line_1_22' title="bbox 132 2552 1159 2660; baseline -0.002 -24"><span class='ocrx_word' id='word_1_164' title='bbox 132 2569 311 2660; x_wconf 75' lang='grc' dir='ltr'><em>δικαιοσύνη</em></span> <span class='ocrx_word' id='word_1_165' title='bbox 343 2591 438 2634; x_wconf 86' lang='lat' dir='ltr'><strong>sensu</strong></span> <span class='ocrx_word' id='word_1_166' title='bbox 467 2568 598 2657; x_wconf 90' lang='lat' dir='ltr'><strong>quidem</strong></span> <span class='ocrx_word' id='word_1_167' title='bbox 626 2552 689 2634; x_wconf 69' lang='lat' dir='ltr'><strong>lite</strong></span> <span class='ocrx_word' id='word_1_168' title='bbox 721 2578 826 2633; x_wconf 85' lang='lat' dir='ltr'><strong>sumta</strong></span> <span class='ocrx_word' id='word_1_169' title='bbox 852 2567 1087 2654; x_wconf 82' lang='lat' dir='ltr'><strong>perfectissima</strong></span> <span class='ocrx_word' id='word_1_170' title='bbox 1109 2578 1159 2634; x_wconf 87' lang='lat' dir='ltr'><strong>est</strong></span> 
     </span>
     <span class='ocr_line' id='line_1_23' title="bbox 130 2677 1160 2770; baseline -0.005 -23"><span class='ocrx_word' id='word_1_171' title='bbox 130 2681 242 2765; x_wconf 82' lang='lat' dir='ltr'><strong>virtue,</strong></span> <span class='ocrx_word' id='word_1_172' title='bbox 276 2681 352 2770; x_wconf 87' lang='lat' dir='ltr'><strong>quia</strong></span> <span class='ocrx_word' id='word_1_173' title='bbox 384 2679 528 2746; x_wconf 89' lang='lat' dir='ltr'><strong>omnium</strong></span> <span class='ocrx_word' id='word_1_174' title='bbox 564 2688 613 2746; x_wconf 86' lang='lat' dir='ltr'><strong>eet</strong></span> <span class='ocrx_word' id='word_1_175' title='bbox 649 2677 836 2744; x_wconf 80' lang='lat' dir='ltr'><strong>exercitatio</strong></span> <span class='ocrx_word' id='word_1_176' title='bbox 869 2678 915 2743; x_wconf 81' lang='grc' dir='ltr'><strong>δτι</strong></span> <span class='ocrx_word' id='word_1_177' title='bbox 950 2683 1007 2768; x_wconf 65' lang='grc' dir='ltr'><strong>τῆς</strong></span> <span class='ocrx_word' id='word_1_178' title='bbox 1041 2679 1160 2767; x_wconf 74' lang='grc' dir='ltr'><em>ἀρετῆς</em></span> 
     </span>
     <span class='ocr_line' id='line_1_24' title="bbox 124 2786 1158 2885; baseline -0.007 -26"><span class='ocrx_word' id='word_1_179' title='bbox 124 2799 242 2885; x_wconf 79' lang='grc' dir='ltr'><em>χρῆσις</em></span> <span class='ocrx_word' id='word_1_180' title='bbox 268 2794 351 2864; x_wconf 79' lang='grc' dir='ltr'><em>ἐστὶν</em></span> <span class='ocrx_word' id='word_1_181' title='bbox 379 2792 489 2859; x_wconf 82' lang='grc' dir='ltr'><em>τελεία.</em></span> <span class='ocrx_word' id='word_1_182' title='bbox 520 2789 562 2860; x_wconf 83' lang='lat' dir='ltr'><strong>V.</strong></span> <span class='ocrx_word' id='word_1_183' title='bbox 586 2795 615 2860; x_wconf 83' lang='lat'><strong>3.</strong></span> <span class='ocrx_word' id='word_1_184' title='bbox 639 2839 647 2856; x_wconf 88' lang='lat'><strong>.</strong></span> <span class='ocrx_word' id='word_1_185' title='bbox 672 2841 679 2857; x_wconf 88' lang='lat'><strong>.</strong></span> <span class='ocrx_word' id='word_1_186' title='bbox 703 2838 712 2855; x_wconf 88' lang='lat'><strong>.</strong></span> <span class='ocrx_word' id='word_1_187' title='bbox 735 2795 792 2880; x_wconf 71' lang='grc' dir='ltr'><strong>τῆς</strong></span> <span class='ocrx_word' id='word_1_188' title='bbox 819 2791 895 2879; x_wconf 75' lang='grc' dir='ltr'><em>ὅλης</em></span> <span class='ocrx_word' id='word_1_189' title='bbox 927 2790 1047 2879; x_wconf 77' lang='grc' dir='ltr'><em>ἀρετῆς</em></span> <span class='ocrx_word' id='word_1_190' title='bbox 1077 2786 1158 2853; x_wconf 84' lang='grc' dir='ltr'><em>οὖσα</em></span> 
     </span>
     <span class='ocr_line' id='line_1_25' title="bbox 123 2899 1158 2997; baseline -0.009 -28"><span class='ocrx_word' id='word_1_191' title='bbox 123 2909 241 2994; x_wconf 78' lang='grc' dir='ltr'><em>χρῆσις</em></span> <span class='ocrx_word' id='word_1_192' title='bbox 279 2907 361 2992; x_wconf 78' lang='grc' dir='ltr'><strong>πρὸς</strong></span> <span class='ocrx_word' id='word_1_193' title='bbox 396 2904 504 2994; x_wconf 72' lang='grc' dir='ltr'><strong>α’ίλλον.1</strong></span> <span class='ocrx_word' id='word_1_194' title='bbox 547 2901 587 2971; x_wconf 91' lang='lat' dir='ltr'><strong>V.</strong></span> <span class='ocrx_word' id='word_1_195' title='bbox 610 2903 641 2997; x_wconf 72' lang='lat'><strong>5?</strong></span> <span class='ocrx_word' id='word_1_196' title='bbox 665 2904 713 2967; x_wconf 75' lang='grc' dir='ltr'><strong>καὶ</strong></span> <span class='ocrx_word' id='word_1_197' title='bbox 741 2899 1030 2989; x_wconf 70' lang='grc' dir='ltr'><em>παροιμιαζόμενοίζ</em></span> <span class='ocrx_word' id='word_1_198' title='bbox 1053 2918 1158 2984; x_wconf 83' lang='grc' dir='ltr'><em>φαμεν</em></span> 
     </span>
     <span class='ocr_line' id='line_1_26' title="bbox 131 3005 1158 3104; baseline -0.003 -27"><span class='ocrx_word' id='word_1_199' title='bbox 131 3013 164 3078; x_wconf 86' lang='grc' dir='ltr'><strong>ἐν</strong></span> <span class='ocrx_word' id='word_1_200' title='bbox 186 3014 223 3079; x_wconf 84' lang='grc' dir='ltr'><strong>δὲ</strong></span> <span class='ocrx_word' id='word_1_201' title='bbox 244 3014 422 3103; x_wconf 71' lang='grc' dir='ltr'><em>δικαιοσύνῃ</em></span> <span class='ocrx_word' id='word_1_202' title='bbox 446 3014 625 3104; x_wconf 73' lang='grc' dir='ltr'><em>συλλήβδην</em></span> <span class='ocrx_word' id='word_1_203' title='bbox 648 3014 724 3078; x_wconf 83' lang='grc' dir='ltr'><em>πᾶσ’</em></span> <span class='ocrx_word' id='word_1_204' title='bbox 754 3013 852 3102; x_wconf 64' lang='grc' dir='ltr'><em>ἁρετὴ</em></span> <span class='ocrx_word' id='word_1_205' title='bbox 881 3011 924 3076; x_wconf 87' lang='grc' dir='ltr'><strong>ἔνι</strong></span> <span class='ocrx_word' id='word_1_206' title='bbox 947 3011 1007 3093; x_wconf 85' lang='grc'><strong>(3).</strong></span> <span class='ocrx_word' id='word_1_207' title='bbox 1051 3005 1158 3074; x_wconf 79' lang='lat' dir='ltr'><strong>Seneu</strong></span> 
     </span>
     <span class='ocr_line' id='line_1_27' title="bbox 130 3115 1159 3214; baseline -0.005 -27"><span class='ocrx_word' id='word_1_208' title='bbox 130 3132 240 3188; x_wconf 90' lang='lat' dir='ltr'><strong>autem</strong></span> <span class='ocrx_word' id='word_1_209' title='bbox 276 3125 435 3192; x_wconf 85' lang='lat' dir='ltr'><strong>strictiore</strong></span> <span class='ocrx_word' id='word_1_210' title='bbox 474 3127 508 3214; x_wconf 73' lang='grc' dir='ltr'><strong>(ἡ</strong></span> <span class='ocrx_word' id='word_1_211' title='bbox 543 3124 577 3190; x_wconf 81' lang='grc' dir='ltr'><strong>ἐν</strong></span> <span class='ocrx_word' id='word_1_212' title='bbox 612 3125 705 3213; x_wconf 76' lang='grc' dir='ltr'><em>μέρει</em></span> <span class='ocrx_word' id='word_1_213' title='bbox 739 3122 917 3210; x_wconf 81' lang='grc' dir='ltr'><em>δικαιοσύνη</em></span> <span class='ocrx_word' id='word_1_214' title='bbox 954 3119 995 3186; x_wconf 84' lang='lat' dir='ltr'><strong>V.</strong></span> <span class='ocrx_word' id='word_1_215' title='bbox 1026 3115 1072 3204; x_wconf 82' lang='grc'><strong>5.)</strong></span> <span class='ocrx_word' id='word_1_216' title='bbox 1109 3123 1159 3182; x_wconf 87' lang='lat' dir='ltr'><strong>est</strong></span> 
     </span>
     <span class='ocr_line' id='line_1_28' title="bbox 129 3227 1158 3318; baseline -0.008 -18"><span class='ocrx_word' id='word_1_217' title='bbox 129 3241 188 3300; x_wconf 86' lang='lat' dir='ltr'><strong>aut</strong></span> <span class='ocrx_word' id='word_1_218' title='bbox 224 3234 348 3318; x_wconf 82' lang='lat' dir='ltr'><strong>justitie</strong></span> <span class='ocrx_word' id='word_1_219' title='bbox 390 3233 677 3302; x_wconf 82' lang='lat' dir='ltr'><strong>commutativa</strong></span> <span class='ocrx_word' id='word_1_220' title='bbox 721 3231 837 3298; x_wconf 85' lang='grc' dir='ltr'><em>δίκαιον</em></span> <span class='ocrx_word' id='word_1_221' title='bbox 873 3230 907 3296; x_wconf 81' lang='grc' dir='ltr'><strong>ἐν</strong></span> <span class='ocrx_word' id='word_1_222' title='bbox 944 3229 1009 3300; x_wconf 77' lang='grc' dir='ltr'><em>τοῖς</em></span> <span class='ocrx_word' id='word_1_223' title='bbox 1048 3227 1158 3293; x_wconf 84' lang='grc' dir='ltr'><em>συναλ-</em></span> 
     </span>
     <span class='ocr_line' id='line_1_29' title="bbox 129 3339 1156 3435; baseline -0.004 -28"><span class='ocrx_word' id='word_1_224' title='bbox 129 3344 266 3428; x_wconf 76' lang='grc' dir='ltr'><em>λάγμασι</em></span> <span class='ocrx_word' id='word_1_225' title='bbox 287 3343 501 3432; x_wconf 78' lang='grc' dir='ltr'><em>διορθωτιιόν,</em></span> <span class='ocrx_word' id='word_1_226' title='bbox 526 3342 625 3428; x_wconf 86' lang='lat' dir='ltr'><strong>(eod.)</strong></span> <span class='ocrx_word' id='word_1_227' title='bbox 648 3365 732 3435; x_wconf 85' lang='lat' dir='ltr'><strong>quae</strong></span> <span class='ocrx_word' id='word_1_228' title='bbox 747 3366 813 3410; x_wconf 88' lang='lat' dir='ltr'><strong>non</strong></span> <span class='ocrx_word' id='word_1_229' title='bbox 828 3342 889 3409; x_wconf 91' lang='lat' dir='ltr'><strong>nisi</strong></span> <span class='ocrx_word' id='word_1_230' title='bbox 911 3339 1043 3407; x_wconf 86' lang='lat' dir='ltr'><strong>adrem</strong></span> <span class='ocrx_word' id='word_1_231' title='bbox 1065 3359 1156 3427; x_wconf 86' lang='lat' dir='ltr'><strong>spec·</strong></span> 
     </span>
     <span class='ocr_line' id='line_1_30' title="bbox 131 3450 1159 3545; baseline -0.002 -24"><span class='ocrx_word' id='word_1_232' title='bbox 131 3463 179 3521; x_wconf 82' lang='lat' dir='ltr'><strong>tat</strong></span> <span class='ocrx_word' id='word_1_233' title='bbox 201 3452 268 3519; x_wconf 80' lang='grc' dir='ltr'><em>ἴσον</em></span> <span class='ocrx_word' id='word_1_234' title='bbox 291 3478 317 3519; x_wconf 85' lang='grc' dir='ltr'><strong>τι</strong></span> <span class='ocrx_word' id='word_1_235' title='bbox 339 3456 418 3520; x_wconf 78' lang='grc' dir='ltr'><em>κατὰ</em></span> <span class='ocrx_word' id='word_1_236' title='bbox 440 3455 496 3545; x_wconf 66' lang='grc' dir='ltr'><strong>τήν</strong></span> <span class='ocrx_word' id='word_1_237' title='bbox 519 3454 724 3545; x_wconf 67' lang='grc' dir='ltr'><em>ἀριθμητικὴν</em></span> <span class='ocrx_word' id='word_1_238' title='bbox 747 3458 805 3539; x_wconf 85' lang='lat' dir='ltr'><strong>(sc.</strong></span> <span class='ocrx_word' id='word_1_239' title='bbox 822 3451 1000 3538; x_wconf 60' lang='grc' dir='ltr'><em>ἀναλογίαν)</em></span> <span class='ocrx_word' id='word_1_240' title='bbox 1025 3450 1159 3536; x_wconf 68' lang='grc' dir='ltr'><strong><em>..πρὸς</em></strong></span> 
     </span>
    </p>
   </div>
   <div class='ocr_carea' id='block_1_3' title="bbox 128 3601 334 3616">
    <p class='ocr_par' dir='ltr' id='par_1_3' title="bbox 128 3601 334 3616">
     <span class='ocr_line' id='line_1_31' title="bbox 128 3601 334 3616; baseline -0.029 3"><span class='ocrx_word' id='word_1_241' title='bbox 128 3601 334 3616; x_wconf 65' lang='grc' dir='ltr'><strong>-υ--ῠ</strong></span> 
     </span>
    </p>
   </div>
   <div class='ocr_carea' id='block_1_4' title="bbox 197 3675 1005 3747">
    <p class='ocr_par' dir='ltr' id='par_1_4' title="bbox 197 3675 1005 3747">
     <span class='ocr_line' id='line_1_32' title="bbox 197 3675 1005 3747; baseline -0.01 -13"><span class='ocrx_word' id='word_1_242' title='bbox 197 3677 286 3746; x_wconf 74' lang='lat' dir='ltr'><strong>⁶1)ci</strong></span> <span class='ocrx_word' id='word_1_243' title='bbox 306 3677 521 3747; x_wconf 70' lang='lat' dir='ltr'><strong>Trendelenbnrg.</strong></span> <span class='ocrx_word' id='word_1_244' title='bbox 542 3676 720 3744; x_wconf 76' lang='lat' dir='ltr'><strong>„Natumeeht“</strong></span> <span class='ocrx_word' id='word_1_245' title='bbox 742 3677 810 3732; x_wconf 79' lang='lat'>1860</span> <span class='ocrx_word' id='word_1_246' title='bbox 827 3677 849 3742; x_wconf 64' lang='lat' dir='ltr'><strong>i.</strong></span> <span class='ocrx_word' id='word_1_247' title='bbox 869 3675 900 3731; x_wconf 80' lang='lat'><strong>15</strong></span> <span class='ocrx_word' id='word_1_248' title='bbox 919 3693 946 3742; x_wconf 84' lang='lat' dir='ltr'><strong>p.</strong></span> <span class='ocrx_word' id='word_1_249' title='bbox 964 3675 1005 3728; x_wconf 73' lang='lat'><strong>21.</strong></span> 
     </span>
    </p>
   </div>
   <div class='ocr_carea' id='block_1_5' title="bbox 0 0 1423 4160">
    <p class='ocr_par' dir='ltr' id='par_1_5' title="bbox 0 0 1423 4160">
     <span class='ocr_line' id='line_1_33' title="bbox 0 0 1423 4160; baseline 0 0"><span class='ocrx_word' id='word_1_250' title='bbox 0 0 1423 4160; x_wconf 95' lang='lat' dir='ltr'><strong> </strong></span> 
     </span>
    </p>
   </div>
  </div>
 </body>
</html>
