2818 4160
498 215 501 222 ,
627 145 840 210 -40-

219 317 331 406 magni
359 307 435 382 lieet
457 339 499 382 ex
528 329 620 404 parte
648 338 713 381 non
745 313 905 404 expolitae
935 314 1077 398 inerant3
1111 335 1168 380 ex.
1214 335 1282 399 gr.

221 429 392 494 afferemus
408 451 446 494 ex
465 426 602 516 epistula
617 424 658 492 ed
673 425 836 494 loannem
852 424 941 492 Frid.
959 427 1040 491 1671
1065 423 1140 491 date
1157 424 1280 490 haec-

220 539 307 626 ce.⁶)
353 538 518 604 »Nemlr'eh
546 537 597 602 tot
626 537 681 601 brie
709 535 780 617 fast
808 535 864 601 der
891 537 1061 624 Melourrp,
1090 534 1172 600 dese
1208 535 1277 600 ein

216 650 308 738 jeder·
342 650 422 716 Leib
459 649 573 716 sowohl
600 647 654 712 des
682 647 850 714 Menoehen
881 646 932 712 ale
963 645 1076 711 Thiere
1102 647 1274 712 Krrtreter

221 761 290 827 und
316 761 511 826 Meheralr'en
538 761 628 824 einen
653 761 743 824 Korn
771 760 875 824 seiher
905 758 1064 825 Sabotam
1093 757 1188 825 habe.
1220 810 1229 825 .
1260 806 1269 822 .

220 873 336 938 Dr’eser
357 873 447 936 Kerrr
470 873 513 936 ist
534 894 569 936 so
591 870 707 954 subtil,
732 869 809 935 daos
832 894 866 935 er
893 870 974 935 auch
1002 871 1036 934 rh
1066 868 1123 934 der
1141 868 1269 934 ,Asehe

222 982 279 1047 der
305 983 516 1047 verbrorrrrten
536 982 644 1069 Dinpe
671 981 768 1068 o'r'brr'p
798 981 895 1046 etrier
922 980 991 1045 nod
1013 980 1192 1068 yleiehsem
1224 979 1267 1044 e‘rs

222 1094 273 1158 eth
295 1093 515 1158 unsiehtbaree
539 1092 688 1158 Centrum
711 1091 780 1158 sict
810 1091 1097 1158 zusammeneiehen
1125 1091 1260 1156 kann..

221 1205 299 1269 Nun
326 1203 425 1290 ylaub
455 1204 505 1267 e‘eh
526 1202 658 1290 fernen,
686 1201 763 1267 dass
793 1202 898 1268 dieser
926 1203 1016 1268 Korn
1045 1201 1099 1266 des
1126 1223 1261 1290 ponzen

222 1314 390 1380 Meosehen
411 1314 515 1379 wodor
538 1314 578 1378 ab
598 1313 848 1398 erchemberto,
864 1313 1004 1402 obpleioh
1018 1315 1087 1378 sein
1100 1311 1226 1378 Kleid.
1248 1359 1272 1376 ..

222 1426 256 1490 rh
284 1439 393 1492 starem
410 1426 518 1491 Fluss
547 1426 703 1516 beprrffen
731 1425 800 1492 uod
834 1425 911 1492 bold
942 1423 1137 1512 rrreyrctueht²
1173 1422 1259 1490 bald

219 1537 375 1602 wiedrem
398 1561 459 1603 aus
481 1537 538 1603 der
560 1537 645 1625 Luft
666 1537 742 1604 oder
762 1537 875 1624 Sper'se
891 1537 958 1607 sich
972 1535 1157 1601 vererere«
1193 1532 1251 1600 cf.

222 1647 372 1713 adhunc
401 1649 509 1715 locum
540 1650 633 1738 epist.
671 1648 712 1714 ad
742 1648 946 1737 Wagnerum
977 1649 1060 1714 1710
1093 1671 1147 1730 so,
1185 1668 1250 1734 qua

222 1756 358 1823 eandem
383 1759 479 1826 etiam
504 1759 633 1828 dicendi
654 1760 811 1827 rationem
841 1757 971 1826 adhibet
1001 1767 1046 1848 (p.
1069 1759 1133 1825 466
1154 1757 1248 1844 End.)

222 1867 267 1934 Et
288 1867 320 1932 in
343 1869 513 1956 hypothesi
535 1871 626 1958 phys.
656 1894 742 1937 nove
766 1873 863 1938 1671:
889 1893 1036 1938 r...eum
1065 1871 1246 1934 continuem

225 1980 270 2045 eit
292 1979 456 2046 divisibile
485 1981 519 2045 rh
542 1981 720 2068 nostratum,
743 1983 902 2069 quaelibet
924 1995 1049 2047 atomus
1064 1981 1127 2045 erit
1142 1979 1244 2068 rhflni-

225 2103 332 2158 torum
359 2094 536 2180 specierum
566 2092 698 2180 quidam
714 2094 809 2158 'velut
837 2092 991 2175 mundus,
1021 2105 1051 2157 et
1085 2089 1243 2156 dabuntur

223 2203 340 2268 mendi
366 2206 400 2268 rh
426 2204 556 2270 mundis
586 2206 621 2270 in
649 2204 829 2291 infinitum«
867 2205 909 2271 ef.
938 2204 976 2270 Ο.
1005 2203 1038 2272 J.
1068 2201 1241 2269 Gerherdt:

224 2314 340 2382 Leibn.
364 2316 516 2382 mathem.
541 2314 704 2381 Schriften
721 2315 765 2380 ll.
789 2315 819 2384 2.
840 2338 871 2401 p.
886 2315 938 2378 41.
982 2313 1059 2382 Jam
1082 2311 1240 2380 videamus

223 2434 332 2489 utrum
356 2425 535 2490 Leibnitius
558 2447 658 2512 quum
680 2423 918 2512 philosophiam
940 2447 1058 2490 novam
1080 2423 1114 2489 in
1142 2425 1239 2492 lucem

224 2532 342 2614 ederet,
358 2533 569 2600 Aristotelem
584 2557 716 2622 prorsus
732 2534 912 2621 neglexerit
927 2545 1006 2600 tuno
1022 2545 1054 2600 et
1069 2534 1238 2622 posteriore

225 2653 372 2732 tempore
396 2644 623 2734 doctrinasque
645 2647 713 2732 ejus
735 2668 800 2710 non
824 2645 1018 2734 respexerit,
1048 2669 1089 2710 an
1119 2646 1151 2710 in
1177 2667 1237 2712 eru·

224 2753 361 2838 ditione,
384 2780 425 2822 ex
448 2780 512 2844 qua
534 2757 813 2844 proficiscebatur,
843 2753 1057 2844 permanserit
1064 2779 1082 2838 ,¹
1102 2755 1236 2844 quemvis

225 2890 311 2933 novo
334 2867 422 2933 illam
444 2868 614 2934 illustrarit
635 2867 766 2935 lumine.
789 2905 830 2916 —
846 2866 892 2933 Jn
915 2867 1054 2954 epistula
1077 2867 1181 2932 stetim
1200 2863 1235 2930 sd

224 2978 406 3046 Arnoldum
429 3002 527 3066 supra
548 2976 678 3044 laudate
695 2977 882 3044 definitione
897 2977 1039 3067 quedem
1054 2976 1235 3044 Aristoteles

223 3090 350 3175 nititur,
376 3113 475 3178 quum
498 3089 584 3154 enim
607 3088 647 3155 de
675 3111 850 3178 corporum
880 3100 970 3156 motu
999 3099 1088 3176 egat,
1117 3086 1233 3177 eddit')

226 3202 280 3285 rei
298 3223 412 3286 corpur
434 3212 562 3265 conetur
576 3201 618 3288 'rh
633 3223 759 3288 eorpus,
782 3225 849 3268 esse
871 3203 961 3268 ambo
985 3202 1019 3266 rh
1042 3200 1136 3266 initio
1155 3221 1231 3287 pene·

223 3399 258 3452 orl
279 3399 413 3452 Ernestum
436 3399 526 3451 duoem
545 3399 612 3456 1686
634 3399 692 3452 dote
716 3401 768 3465 (ed.
787 3401 881 3453 Grotef.
900 3417 925 3468 p.
946 3398 1016 3467 154.)
1040 3400 1067 3450 in
1087 3416 1137 3468 qus
1158 3413 1230 3451 omnes

224 3484 352 3538 doetrinae
366 3485 422 3553 jam
438 3491 531 3538 exunt

306 3571 329 3638 6)
348 3572 379 3627 ef.
397 3573 579 3626 Gnhrsuer.
607 3571 711 3639 „hellin
728 3571 803 3624 Dent.
821 3569 940 3624 serie!
957 3572 977 3626 1.
996 3572 1055 3626 271.

308 3660 332 3728 7)
350 3659 390 3714 sd.
410 3659 554 3714 emerent
573 3677 600 3726 p.
620 3657 678 3714 142.
