2818 4160
585 175 800 242 ..48-

178 357 250 413 orto
261 347 328 433 jam
345 344 530 434 acquiescit.
540 347 576 425 ¹¹)
604 345 728 434 Κινησιν
751 354 857 411 autem
880 356 1045 432 tamquam
1068 342 1208 410 mediam

178 457 308 542 δυναμιν
329 465 363 522 et
385 455 576 548 ἐντελεχειαν
599 457 798 543 conjungere
821 476 919 543 supra
940 465 988 521 cst
1011 454 1143 522 dietum.
1165 491 1206 504 -υ

177 569 295 656 Itaque
316 591 368 634 res
391 588 503 634 omnes
526 576 601 633 actu
618 567 771 648 existunt,
792 588 875 653 quae
888 566 922 631 in
938 565 1115 656 ἐντελεχειᾳ
1136 569 1206 632 τοτὲ

178 679 243 744 seii
266 679 426 745 dicuntur.
468 676 560 744 Sicut
583 687 691 743 autem
714 679 845 764 ὑυναμις
866 677 1028 759 materiae,
1057 677 1103 742 ita
1125 677 1206 741 ἐντε-

177 791 282 880 λεχεια
304 787 478 878 respondet
501 787 639 854 formae:
663 789 781 854 τούτων
804 793 864 878 (so.
895 788 981 859 είὺος
1010 788 1082 876 ὑλη)
1105 791 1125 878 ἡ
1146 789 1205 872 γιέν

178 899 235 989 tuq
257 899 397 985 δύναμις,
419 902 454 964 τὸ
477 899 513 963 δὲ
536 899 621 970 etto<
649 899 823 990 ἐντελέχεια
851 900 891 966 de
921 899 1028 965 anima
1051 899 1096 982 ΙΙ,
1119 901 1205 985 2;“)

178 1012 310 1096 δυναμις
331 1010 416 1076 enim
438 1009 606 1076 indefinita
630 1009 804 1097 (ἀόριστος)
820 1021 933 1098 utpote
955 1011 1098 1091 materia,
1122 1011 1203 1074 ἐντε-

177 1123 282 1212 λεχεια
295 1133 403 1187 autem
419 1121 594 1208 potentiam
612 1119 653 1185 ad
669 1121 901 1207 perfectionem
917 1120 1100 1210 perducens
1115 1132 1205 1186 certa

177 1243 227 1298 ost
251 1243 302 1298 »et
324 1231 414 1298 finita
436 1241 548 1318 utpote
571 1233 708 1298 formam
731 1233 946 1316 afferens.e¹⁸)

262 1343 396 1430 Δύναμις
428 1342 588 1419 contraria
618 1341 705 1408 haud
733 1353 877 1424 recusat,
906 1354 942 1408 ut
971 1342 1059 1430 quod
1087 1342 1204 1409 dicitnr

175 1475 296 1542 posse
317 1477 432 1520 senum
456 1475 536 1537 esse,
559 1452 644 1518 idem
665 1461 713 1518 est
732 1453 829 1519 etiem
852 1463 1040 1542 aegrotans:
1063 1455 1204 1542 metaph.

176 1563 235 1632 IX.
259 1568 290 1632 9.
313 1589 345 1652 p.
369 1565 463 1631 1051.
487 1585 514 1630 a.
544 1566 605 1628 ὅσα
637 1565 707 1650 γὰρ’
726 1565 804 1628 κατὰ
834 1566 868 1628 τὸ
898 1562 1052 1629 δύνασθαι
1081 1565 1203 1648 λέγεται

115 1708 117 1712 ·
177 1675 369 1740 raithvensi
386 1675 518 1740 δυνατὸν
542 1675 696 1750 τάναντία,
720 1675 784 1738 αἶαν
807 1675 842 1739 τὸ
864 1673 1020 1740 teneatue
1034 1675 1203 1761 λεγόμενον

177 1785 322 1869 ὑγιαίνειν
344 1785 454 1849 ταύτόν
477 1784 542 1848 ἐστι
565 1785 669 1848 καὶτὸ
693 1788 814 1865 νοσοῦν,
837 1783 1015 1875 ἐντελέχεια
1033 1805 1111 1851 vero
1128 1809 1202 1852 oum

174 1905 322 1961 secernat
345 1894 503 1985 (χωρίζει)
529 1900 585 1960 tut
606 1893 687 1958 nihil
708 1893 801 1960 mixti
823 1893 900 1960 nihil
916 1895 1045 1960 confusi
1061 1917 1133 1961 esse
1146 1915 1199 1980 pa-

173 2005 291 2072 tietur«
304 2007 342 2092 ¹⁴)
364 2005 398 2070 in
420 2016 595 2094 utrumque
617 2005 706 2070 abire
729 2004 849 2092 nequit,
873 2006 1035 2071 contraiis
1058 2006 1144 2071 enim
1163 2006 1201 2071 si·

172 2116 239 2182 mul
266 2139 337 2183 esse
364 2115 563 2205 impossibile
590 2125 639 2182 est
672 2120 708 2182 ut
737 2138 852 2182 senum
881 2127 916 2182 et
936 2127 1108 2203 aegrotum
1130 2139 1200 2184 esse

171 2228 312 2315 metaph.
328 2229 350 2296 l.
367 2251 396 2294 o.
415 2279 422 2294 .
441 2280 447 2294 .
472 2228 529 2300 τὰς
548 2227 710 2314 ἐνεργείας
731 2228 768 2295 δέ
790 2230 855 2314 ἅμα
883 2227 1037 2293 ἀδύνατον
1053 2229 1200 2319 ὑπάρχειν

176 2339 243 2404 cios
264 2339 408 2423 ὑγιαίνειν
431 2339 631 2423 nuisement,
654 2359 755 2424 quare
770 2339 862 2403 ectus
879 2339 1023 2426 potentia
1039 2349 1201 2427 praestan·

171 2449 235 2515 tior
264 2451 283 2516 l.
311 2472 338 2516 o.
362 2451 382 2538 ἡ
412 2448 477 2536 ἄρα
502 2447 645 2536 ἐνέργεια
665 2447 809 2532 βελτίων.
831 2485 874 2498 ·-
897 2446 1023 2527 Quibus
1046 2451 1200 2538 expositis

172 2558 199 2624 si
220 2557 264 2624 ed*
284 2559 440 2624 Leibnitii
462 2559 712 2647 explicationem
734 2559 942 2646 respicimus,
965 2570 1053 2628 recte
1068 2560 1198 2648 quidem

172 2669 381 2736 entelechiam
404 2669 567 2758 potentiae
590 2670 631 2736 ab
646 2669 820 2736 Anistotele
844 2671 1026 2758 oppositam
1049 2693 1120 2737 esse
1143 2691 1197 2736 ex·

171 2781 280 2870 posuit
302 2805 448 2872 quaeque
471 2785 565 2850 effert
587 2783 738 2871 exempla
752 2781 838 2848 haud
861 2783 965 2851 aliena
982 2793 1057 2850 sunt
1072 2784 1113 2851 ab
1128 2783 1199 2852 Ari-

171 2897 295 2962 stotele.
341 2895 450 2962 Motus
458 2897 497 2976 15)
526 2897 612 2962 enim
636 2905 724 2962 »tum
745 2896 905 2963 moventis
927 2907 997 2964 tum
1020 2899 1090 2984 ejus
1113 2896 1198 2986 quod

171 3019 320 3076 mouetur
350 3009 525 3100 ἐντελεχεια
556 3018 614 3092 est,
648 3009 773 3076 discere
796 3019 828 3074 et
858 3009 971 3076 dooere
999 3009 1032 3076 in
1063 3011 1198 3076 eundem

172 3117 334 3207 ἐνεργειαν
357 3119 525 3186 redeunt«
574 3121 643 3186 »lta
670 3119 817 3186 diversae
840 3142 908 3199 res,
939 3143 1075 3208 quarum
1099 3121 1199 3186 nitere

173 3265 377 3280 ——nn—-u—u.

242 3345 277 3410 1²)
296 3346 327 3396 cf.
340 3361 404 3411 quae
417 3344 537 3398 disseruit
546 3345 759 3414 Trendelenhnrg.
773 3353 904 3398 comment.
917 3346 950 3398 de
961 3363 1001 3399 an.
1011 3364 1036 3413 p.
1048 3347 1099 3402 295
1111 3353 1137 3397 ot
1145 3361 1197 3411 seq.

244 3429 529 3497 thepfflh

243 3516 278 3578 ¹³)
297 3517 314 3570 l.
333 3533 354 3569 o.
372 3535 397 3586 p.
418 3519 478 3574 302.

241 3601 278 3666 14)
296 3602 326 3655 ef.
344 3599 362 3653 l.
381 3603 422 3654 cit.
441 3623 467 3671 p.
487 3604 546 3660 302.

241 3687 277 3754 1⁶)
296 3688 314 3742 1.
334 3705 354 3742 o.
373 3708 399 3759 p.
417 3691 468 3748 309
489 3691 520 3743 cs.
538 3705 603 3757 quea
620 3690 714 3742 ibidem
732 3695 815 3741 extant
831 3689 951 3755 exposite.
