2818 4160
587 175 801 246 ...58-

178 346 286 430 692”)
309 344 390 413 ἔστιν
413 349 432 436 ἡ
457 343 595 432 θατέρου
617 345 785 428 γένεσις..
802 345 851 412 ἀεὶ
870 345 967 412 ἄλλου
990 345 1102 434 φθορὰ
1121 349 1170 412 rui
1189 349 1218 436 ἡ

178 459 271 527 ἄλλου
295 455 406 545 φθορὰ
427 457 521 524 ἄλλου
541 457 670 540 γένεσις.
689 496 730 508 -
746 455 900 526 Ceterum
915 456 1009 522 aliter
1023 458 1218 525 Leibnitius

177 569 248 657 ipse
277 568 316 637 de
345 569 406 634 hac
435 591 473 634 re
498 569 539 636 cf.
562 569 603 634 ad
623 568 755 636 Bessos.
779 592 810 655 p.
829 568 929 636 741b.
952 567 1057 652 Era),
1081 568 1216 636 Aristo-

178 680 275 747 telem
298 703 362 747 non
387 699 513 746 curans.
529 716 571 727 —
593 678 778 752 Aristotelis
801 677 960 766 principia
981 678 1087 746 ethica
1109 678 1212 746 Leib-

176 792 291 856 uitium
320 788 362 856 ad
385 788 543 874 justitiam
570 788 753 857 adhibuisse
777 811 875 881 supra
895 787 1118 858 indicavimus.
1142 790 1211 858 ‚In

178 903 270 970 novis
294 902 390 966 etiam
414 900 644 974 tentaminibus
660 900 794 987 perinde
811 909 908 987 atque
923 899 1127 982 Aristoteles,
1149 899 1210 989 qui

178 1014 331 1078 virtutem
361 1023 478 1078 natura
506 1035 576 1079 esse
605 1011 733 1080 insitam
761 1021 874 1098 negat,
903 1034 977 1076 cnm
1000 1021 1117 1078 natura
1137 1033 1206 1078 nou

176 1122 238 1188 nisi
260 1123 487 1189 facultates
510 1122 666 1209 praebeat
680 1123 778 1188 finem
800 1121 1002 1208 assequendi,
1026 1145 1127 1209 quare
1148 1145 1205 1186 ne-

179 1245 373 1320 quenatura
387 1247 496 1322 neque
509 1244 623 1311 contra
634 1240 785 1300 usturam
798 1243 976 1300 nascuntur
991 1233 1141 1318 virtutes3
1158 1270 1206 1284 -

178 1345 219 1411 cf.
243 1345 306 1410 eth.
330 1344 393 1412 uic.
416 1344 473 1427 IL,
497 1347 510 1408 l
537 1343 594 1408 οὔτ
615 1344 679 1432 ἄρα
702 1345 795 1430 φύσει
817 1342 889 1408 οὔτε
909 1345 996 1431 παρὰ
1011 1345 1103 1431 φύσιν
1126 1343 1204 1428 ἐγγί-

176 1481 279 1522 νονται
294 1458 324 1524 αἱ
340 1457 461 1544 ἀρεταί,
485 1457 562 1524 ἀλλὰ
585 1459 736 1544 πεφυκόσι
757 1457 816 1542 μὲν
838 1460 909 1545 ipio
932 1455 1086 1531 λέξασθαι
1109 1456 1205 1526 αὐτὰς

176 1569 401 1654 τελειουμένοις
437 1568 474 1634 δέ
510 1568 561 1634 διὰ
596 1565 693 1640 ἔθους
725 1605 767 1616 -
800 1567 980 1636 Leibuitius
1007 1567 1106 1634 habet
1133 1589 1203 1654 per·
1307 1547 1315 1558 ι

176 1701 316 1760 suasum,
338 1699 404 1744 non
427 1677 489 1744 nisi
509 1678 698 1746 instinctum
720 1678 813 1746 nobis
828 1701 907 1746 *esse
930 1678 1124 1766 ingenitum
1146 1678 1205 1742 ho·

177 1788 256 1852 mini
270 1787 414 1875 squidem
435 1787 541 1854 inesse
563 1798 680 1853 natura
702 1789 880 1876 appetitum
902 1789 981 1854 boni
1001 1788 1203 1876 honestique,¹

174 1899 257 1965 hanc
287 1909 395 1964 eutem
417 1898 596 1986 potentiam
618 1899 726 1967 evolvi
750 1899 867 1966 debere
889 1899 930 1965 ad
953 1901 1105 1969 virtutem
1127 1922 1198 1988 pro-

173 2007 372 2097 gigueudam
394 2009 560 2078 moralem.
599 2010 714 2097 Itaque
735 2010 900 2078 inclinatio
919 2009 1013 2090 (vide
1034 2034 1064 2078 u.
1078 2010 1119 2076 E.
1135 2011 1161 2094 1,
1177 2011 1197 2076 2

173 2122 206 2187 le
226 2121 402 2209 penohant)
433 2121 474 2187 ad
504 2122 658 2190 laetitiam
687 2121 720 2191 id
748 2133 797 2188 est
826 2121 1040 2208 adpraesens
1063 2131 1197 2208 tempus,

172 2255 240 2300 nou
262 2233 303 2299 ad
325 2233 509 2302 felicitatem
532 2244 664 2320 spectat,
688 2242 724 2297 ut
748 2255 823 2300 vero
846 2231 1049 2304 adfuturum
1063 2243 1196 2320 spectet,

173 2345 297 2412 radone
324 2343 481 2431 dirigatur
512 2353 561 2408 est
582 2365 724 2408 necesse.
769 2340 894 2411 Ibidem
917 2343 1095 2412 Leibnitius
1119 2344 1195 2412 ethi-¹

174 2475 256 2536 cam,
274 2453 354 2540 ¹quia
375 2475 418 2518 ex
439 2451 603 2534 instinctu,
625 2451 846 2540 cognitionem
866 2453 1013 2541 quamvis
1029 2454 1198 2522 confusam

175 2563 343 2646 concedat,
366 2563 654 2630 demonstrationes
676 2574 785 2635 temen
807 2565 877 2632 lieri
895 2566 1028 2652 possint,
1051 2589 1091 2632 ex
1107 2577 1197 2651 parte

173 2676 338 2746 scientiam
361 2699 432 2742 esse
455 2675 741 2745 demonstrativam
764 2676 862 2762 ducit,
879 2701 953 2744 cum
975 2677 1116 2762 mediam
1139 2701 1197 2766 per

172 2798 311 2855 aetatem
322 2789 503 2857 Aristotelis
521 2789 622 2856 secuti
633 2789 868 2872 auctoritatem,
886 2789 941 2876 qui
953 2789 1194 2872 substatum³³l

174 2900 296 2968 ethicae
329 2909 513 2968 accuratam
549 2899 855 2968 demonstrationem
887 2902 1081 2991 (ἀκριβεοαν)
1109 2901 1195 2968 haud

170 3011 355 3098 permittere
387 3012 513 3088 docuit,
545 3009 727 3080 doctrinam
757 3010 797 3077 de
825 3011 969 3080 moribus
987 3011 1191 3080 ‘certitudinis

169 3133 336 3210 expertem
358 3121 580 3190 existimarint.
625 3119 733 3201 Quam
756 3122 798 3188 ob
820 3137 889 3188 rem
910 3123 1093 3192 Leibuitius
1115 3133 1193 3190 tam*

169 3232 429 3321 quatenarium
452 3242 540 3300 tenet
558 3233 644 3298 iuter
666 3233 876 3310 Aristotelem
898 3243 931 3300 et
951 3233 1118 3302 Kantiurn.
1178 3271 1180 3278 v

237 3437 273 3503 3λ)
292 3439 507 3501 susur‘sllobr.
526 3440 601 3494 1607.
619 3437 717 3490 Locum
731 3437 887 3505 sumpsimus
904 3438 981 3490 istum
992 3456 1023 3492 ex
1034 3439 1192 3493 adncbdoue

169 3523 286 3576 Dutensii
303 3523 335 3574 Π.
353 3541 378 3591 p.
398 3525 439 3579 63.

230 3609 267 3676 ³³)
286 3609 449 3682 ὑποκειμένη
471 3608 530 3680 ὅλη,
562 3617 674 3662 uersatur
697 3607 778 3684 ethica
798 3607 825 3674 ip
847 3611 887 3678 τῷ
910 3607 1084 3688 ἐνδεχομένῳ
1103 3605 1193 3674 ἄλλως

173 3688 479 3763 electarium.
517 3684 521 3694 '
744 3682 747 3692 '
813 3685 817 3692 '
973 3702 976 3712 ·
1077 3675 1107 3694 ¹'
