<?xml version="1.0" encoding="UTF-8"?>
<!DOCTYPE html PUBLIC "-//W3C//DTD XHTML 1.0 Transitional//EN"
    "http://www.w3.org/TR/xhtml1/DTD/xhtml1-transitional.dtd">
<html xmlns="http://www.w3.org/1999/xhtml" xml:lang="en" lang="en">
 <head>
  <title>
</title>
<meta http-equiv="Content-Type" content="text/html;charset=utf-8" />
  <meta name='ocr-system' content='tesseract 3.04.00' />
  <meta name='ocr-capabilities' content='ocr_page ocr_carea ocr_par ocr_line ocrx_word'/>
</head>
<body>
  <div class='ocr_page' id='page_1' title='image "./deleibnitiistud00jacogoog_0020.png"; bbox 0 0 2818 4160; ppageno 0'>
   <div class='ocr_carea' id='block_1_1' title="bbox 536 171 749 236">
    <p class='ocr_par' dir='ltr' id='par_1_1' title="bbox 536 171 749 236">
     <span class='ocr_line' id='line_1_1' title="bbox 536 171 749 236; baseline 0.009 -17"><span class='ocrx_word' id='word_1_1' title='bbox 536 171 749 236; x_wconf 71' lang='lat'>...13-</span> 
     </span>
    </p>
   </div>
   <div class='ocr_carea' id='block_1_2' title="bbox 125 339 1185 1877">
    <p class='ocr_par' dir='ltr' id='par_1_2' title="bbox 123 339 1185 1762">
     <span class='ocr_line' id='line_1_2' title="bbox 131 339 1185 432; baseline 0.006 -22"><span class='ocrx_word' id='word_1_2' title='bbox 131 353 244 432; x_wconf 82' lang='lat' dir='ltr'><strong>postes</strong></span> <span class='ocrx_word' id='word_1_3' title='bbox 277 341 475 423; x_wconf 83' lang='lat' dir='ltr'><strong>videbimus,</strong></span> <span class='ocrx_word' id='word_1_4' title='bbox 510 341 605 406; x_wconf 83' lang='lat' dir='ltr'><strong>aliter</strong></span> <span class='ocrx_word' id='word_1_5' title='bbox 637 340 797 408; x_wconf 83' lang='lat' dir='ltr'><strong>tractavit.</strong></span> <span class='ocrx_word' id='word_1_6' title='bbox 857 339 989 410; x_wconf 86' lang='lat' dir='ltr'><strong>Grotius</strong></span> <span class='ocrx_word' id='word_1_7' title='bbox 1023 346 1185 432; x_wconf 88' lang='lat' dir='ltr'><strong>quidem.</strong></span> 
     </span>
     <span class='ocr_line' id='line_1_3' title="bbox 132 449 1155 539; baseline 0.003 -19"><span class='ocrx_word' id='word_1_8' title='bbox 132 455 341 520; x_wconf 83' lang='lat' dir='ltr'><strong>contenderet</strong></span> <span class='ocrx_word' id='word_1_9' title='bbox 375 451 407 518; x_wconf 92' lang='lat' dir='ltr'><strong>in</strong></span> <span class='ocrx_word' id='word_1_10' title='bbox 437 453 519 518; x_wconf 92' lang='lat' dir='ltr'><strong>libro</strong></span> <span class='ocrx_word' id='word_1_11' title='bbox 554 449 593 518; x_wconf 93' lang='lat' dir='ltr'><strong>dc</strong></span> <span class='ocrx_word' id='word_1_12' title='bbox 616 452 689 538; x_wconf 90' lang='lat' dir='ltr'><strong>jure</strong></span> <span class='ocrx_word' id='word_1_13' title='bbox 721 452 796 517; x_wconf 89' lang='lat' dir='ltr'><strong>belli</strong></span> <span class='ocrx_word' id='word_1_14' title='bbox 819 463 851 517; x_wconf 91' lang='lat' dir='ltr'><strong>et</strong></span> <span class='ocrx_word' id='word_1_15' title='bbox 873 452 976 539; x_wconf 81' lang='lat' dir='ltr'><strong>pecie,</strong></span> <span class='ocrx_word' id='word_1_16' title='bbox 1005 455 1155 522; x_wconf 86' lang='lat' dir='ltr'><strong>virtutem</strong></span> 
     </span>
     <span class='ocr_line' id='line_1_4' title="bbox 132 560 1156 649; baseline 0 -19"><span class='ocrx_word' id='word_1_17' title='bbox 132 566 171 631; x_wconf 85' lang='lat' dir='ltr'><strong>eb</strong></span> <span class='ocrx_word' id='word_1_18' title='bbox 194 564 370 631; x_wconf 75' lang='lat' dir='ltr'><strong>Aristotele</strong></span> <span class='ocrx_word' id='word_1_19' title='bbox 392 564 479 629; x_wconf 82' lang='lat' dir='ltr'><strong>haud</strong></span> <span class='ocrx_word' id='word_1_20' title='bbox 501 573 588 629; x_wconf 85' lang='lat' dir='ltr'><strong>recte</strong></span> <span class='ocrx_word' id='word_1_21' title='bbox 610 563 643 626; x_wconf 91' lang='lat' dir='ltr'><strong>in</strong></span> <span class='ocrx_word' id='word_1_22' title='bbox 668 560 894 628; x_wconf 79' lang='lat' dir='ltr'><strong>mediocritate</strong></span> <span class='ocrx_word' id='word_1_23' title='bbox 917 585 987 627; x_wconf 88' lang='lat' dir='ltr'><strong>esse</strong></span> <span class='ocrx_word' id='word_1_24' title='bbox 1010 565 1156 649; x_wconf 80' lang='lat' dir='ltr'><strong>positum,</strong></span> 
     </span>
     <span class='ocr_line' id='line_1_5' title="bbox 131 674 1158 764; baseline -0.006 -20"><span class='ocrx_word' id='word_1_25' title='bbox 131 685 172 744; x_wconf 81' lang='lat' dir='ltr'><strong>e&#39;x</strong></span> <span class='ocrx_word' id='word_1_26' title='bbox 191 677 317 762; x_wconf 82' lang='lat' dir='ltr'><strong>justitia</strong></span> <span class='ocrx_word' id='word_1_27' title='bbox 338 699 504 764; x_wconf 76' lang='lat' dir='ltr'><strong>apparere,</strong></span> <span class='ocrx_word' id='word_1_28' title='bbox 535 675 586 743; x_wconf 87' lang='lat' dir='ltr'><strong>oui</strong></span> <span class='ocrx_word' id='word_1_29' title='bbox 610 675 794 762; x_wconf 87' lang='lat' dir='ltr'><strong>oppositum</strong></span> <span class='ocrx_word' id='word_1_30' title='bbox 820 674 955 739; x_wconf 88' lang='lat' dir='ltr'><strong>nimium</strong></span> <span class='ocrx_word' id='word_1_31' title='bbox 980 684 1013 740; x_wconf 90' lang='lat' dir='ltr'><strong>et</strong></span> <span class='ocrx_word' id='word_1_32' title='bbox 1044 695 1158 761; x_wconf 87' lang='lat' dir='ltr'><strong>perum</strong></span> 
     </span>
     <span class='ocr_line' id='line_1_6' title="bbox 131 785 1153 877; baseline -0.004 -24.031"><span class='ocrx_word' id='word_1_33' title='bbox 131 811 232 877; x_wconf 88' lang='lat' dir='ltr'><strong>quum</strong></span> <span class='ocrx_word' id='word_1_34' title='bbox 260 788 294 852; x_wconf 91' lang='lat' dir='ltr'><strong>in</strong></span> <span class='ocrx_word' id='word_1_35' title='bbox 323 786 492 852; x_wconf 84' lang='lat' dir='ltr'><strong>effectibus</strong></span> <span class='ocrx_word' id='word_1_36' title='bbox 520 785 663 851; x_wconf 87' lang='lat' dir='ltr'><strong>invenire</strong></span> <span class='ocrx_word' id='word_1_37' title='bbox 694 787 871 872; x_wconf 81' lang='lat' dir='ltr'><strong>nequisset,</strong></span> <span class='ocrx_word' id='word_1_38' title='bbox 899 785 933 850; x_wconf 91' lang='lat' dir='ltr'><strong>in</strong></span> <span class='ocrx_word' id='word_1_39' title='bbox 956 785 1053 850; x_wconf 88' lang='lat' dir='ltr'><strong>rebus</strong></span> <span class='ocrx_word' id='word_1_40' title='bbox 1077 785 1153 872; x_wconf 84' lang='lat' dir='ltr'><strong>ipsis</strong></span> 
     </span>
     <span class='ocr_line' id='line_1_7' title="bbox 132 897 1153 986; baseline -0.002 -22"><span class='ocrx_word' id='word_1_41' title='bbox 132 899 218 965; x_wconf 86' lang='lat' dir='ltr'><strong>circs</strong></span> <span class='ocrx_word' id='word_1_42' title='bbox 246 921 324 986; x_wconf 82' lang='lat' dir='ltr'><strong>ques</strong></span> <span class='ocrx_word' id='word_1_43' title='bbox 350 897 476 986; x_wconf 80' lang='lat' dir='ltr'><strong>justitio</strong></span> <span class='ocrx_word' id='word_1_44' title='bbox 504 909 651 964; x_wconf 82' lang='lat' dir='ltr'><strong>versetur</strong></span> <span class='ocrx_word' id='word_1_45' title='bbox 678 908 852 984; x_wconf 87' lang='lat' dir='ltr'><strong>utrumque</strong></span> <span class='ocrx_word' id='word_1_46' title='bbox 878 897 1089 984; x_wconf 79' lang='lat' dir='ltr'><strong>quaesivisse,</strong></span> <span class='ocrx_word' id='word_1_47' title='bbox 1119 897 1153 962; x_wconf 93' lang='lat' dir='ltr'><strong>id</strong></span> 
     </span>
     <span class='ocr_line' id='line_1_8' title="bbox 132 1009 1154 1098; baseline -0.002 -22"><span class='ocrx_word' id='word_1_48' title='bbox 132 1009 219 1098; x_wconf 89' lang='lat' dir='ltr'><strong>quod</strong></span> <span class='ocrx_word' id='word_1_49' title='bbox 241 1033 309 1076; x_wconf 88' lang='lat' dir='ltr'><strong>esse</strong></span> <span class='ocrx_word' id='word_1_50' title='bbox 332 1009 458 1076; x_wconf 87' lang='lat' dir='ltr'><strong>desilire</strong></span> <span class='ocrx_word' id='word_1_51' title='bbox 484 1009 525 1076; x_wconf 90' lang='lat' dir='ltr'><strong>de</strong></span> <span class='ocrx_word' id='word_1_52' title='bbox 547 1032 667 1096; x_wconf 83' lang='lat' dir='ltr'><strong>genere</strong></span> <span class='ocrx_word' id='word_1_53' title='bbox 689 1010 722 1074; x_wconf 93' lang='lat' dir='ltr'><strong>in</strong></span> <span class='ocrx_word' id='word_1_54' title='bbox 745 1031 847 1097; x_wconf 89' lang='lat' dir='ltr'><strong>genus</strong></span> <span class='ocrx_word' id='word_1_55' title='bbox 871 1011 1016 1076; x_wconf 83' lang='lat' dir='ltr'><strong>ultorum.</strong></span> <span class='ocrx_word' id='word_1_56' title='bbox 1063 1009 1154 1074; x_wconf 84' lang='lat' dir='ltr'><strong>Leib-</strong></span> 
     </span>
     <span class='ocr_line' id='line_1_9' title="bbox 130 1117 1158 1207; baseline -0.001 -22"><span class='ocrx_word' id='word_1_57' title='bbox 130 1121 237 1188; x_wconf 86' lang='lat' dir='ltr'><strong>nitius</strong></span> <span class='ocrx_word' id='word_1_58' title='bbox 251 1132 358 1186; x_wconf 83' lang='lat' dir='ltr'><strong>eutem</strong></span> <span class='ocrx_word' id='word_1_59' title='bbox 386 1131 495 1187; x_wconf 90' lang='lat' dir='ltr'><strong>tuetur</strong></span> <span class='ocrx_word' id='word_1_60' title='bbox 509 1120 717 1186; x_wconf 88' lang='lat' dir='ltr'><strong>Aristotelem</strong></span> <span class='ocrx_word' id='word_1_61' title='bbox 740 1143 840 1207; x_wconf 88' lang='lat' dir='ltr'><strong>quum</strong></span> <span class='ocrx_word' id='word_1_62' title='bbox 858 1119 1017 1204; x_wconf 83' lang='lat' dir='ltr'><strong>justitium</strong></span> <span class='ocrx_word' id='word_1_63' title='bbox 1039 1117 1158 1185; x_wconf 91' lang='lat' dir='ltr'><strong>medio-</strong></span> 
     </span>
     <span class='ocr_line' id='line_1_10' title="bbox 125 1230 1158 1314; baseline -0.004 -16"><span class='ocrx_word' id='word_1_64' title='bbox 125 1233 277 1298; x_wconf 82' lang='lat' dir='ltr'><strong>critatem</strong></span> <span class='ocrx_word' id='word_1_65' title='bbox 299 1231 470 1300; x_wconf 81' lang='lat' dir='ltr'><strong>effectuum</strong></span> <span class='ocrx_word' id='word_1_66' title='bbox 500 1255 569 1299; x_wconf 86' lang='lat' dir='ltr'><strong>esse</strong></span> <span class='ocrx_word' id='word_1_67' title='bbox 592 1232 733 1314; x_wconf 87' lang='lat' dir='ltr'><strong>definiet,</strong></span> <span class='ocrx_word' id='word_1_68' title='bbox 766 1230 934 1313; x_wconf 62' lang='lat' dir='ltr'><strong>»Grotius</strong></span> <span class='ocrx_word' id='word_1_69' title='bbox 966 1230 1025 1312; x_wconf 83' lang='lat' dir='ltr'><strong>eit,</strong></span> <span class='ocrx_word' id='word_1_70' title='bbox 1055 1231 1158 1294; x_wconf 76' lang='lat' dir='ltr'><strong>theou-</strong></span> 
     </span>
     <span class='ocr_line' id='line_1_11' title="bbox 131 1341 1158 1430; baseline -0.002 -24"><span class='ocrx_word' id='word_1_71' title='bbox 131 1366 211 1430; x_wconf 76' lang='lat' dir='ltr'><strong>prue</strong></span> <span class='ocrx_word' id='word_1_72' title='bbox 246 1343 315 1407; x_wconf 81' lang='lat' dir='ltr'><strong>vult</strong></span> <span class='ocrx_word' id='word_1_73' title='bbox 354 1345 389 1406; x_wconf 80' lang='lat' dir='ltr'><strong>io</strong></span> <span class='ocrx_word' id='word_1_74' title='bbox 429 1344 590 1428; x_wconf 55' lang='lat' dir='ltr'><strong>mostubus</strong></span> <span class='ocrx_word' id='word_1_75' title='bbox 628 1342 800 1408; x_wconf 76' lang='lat' dir='ltr'><strong>divisionis</strong></span> <span class='ocrx_word' id='word_1_76' title='bbox 838 1343 980 1427; x_wconf 79' lang='lat' dir='ltr'><strong>alicujus</strong></span> <span class='ocrx_word' id='word_1_77' title='bbox 1014 1341 1158 1427; x_wconf 67' lang='lat' dir='ltr'><strong>alequam</strong></span> 
     </span>
     <span class='ocr_line' id='line_1_12' title="bbox 132 1452 1159 1539; baseline -0.002 -21"><span class='ocrx_word' id='word_1_78' title='bbox 132 1456 297 1537; x_wconf 76' lang='lat' dir='ltr'><strong>uhtereeri,</strong></span> <span class='ocrx_word' id='word_1_79' title='bbox 320 1477 402 1539; x_wconf 81' lang='lat' dir='ltr'><strong>quoe</strong></span> <span class='ocrx_word' id='word_1_80' title='bbox 429 1475 469 1518; x_wconf 78' lang='lat' dir='ltr'><strong>ec·</strong></span> <span class='ocrx_word' id='word_1_81' title='bbox 499 1455 564 1520; x_wconf 77' lang='lat' dir='ltr'><strong>cluo</strong></span> <span class='ocrx_word' id='word_1_82' title='bbox 589 1477 725 1538; x_wconf 79' lang='lat' dir='ltr'><strong>prorsus</strong></span> <span class='ocrx_word' id='word_1_83' title='bbox 755 1453 925 1518; x_wconf 81' lang='lat' dir='ltr'><strong>diuidendi</strong></span> <span class='ocrx_word' id='word_1_84' title='bbox 939 1452 1159 1539; x_wconf 52' lang='lat' dir='ltr'><strong>,fundamento</strong></span> 
     </span>
     <span class='ocr_line' id='line_1_13' title="bbox 133 1551 1156 1650; baseline -0.002 -21"><span class='ocrx_word' id='word_1_85' title='bbox 133 1564 313 1648; x_wconf 73' lang='lat' dir='ltr'><strong>demiretur,</strong></span> <span class='ocrx_word' id='word_1_86' title='bbox 346 1564 434 1650; x_wconf 84' lang='lat' dir='ltr'><strong>quod</strong></span> <span class='ocrx_word' id='word_1_87' title='bbox 465 1579 558 1630; x_wconf 83' lang='lat' dir='ltr'><strong>vocat</strong></span> <span class='ocrx_word' id='word_1_88' title='bbox 584 1566 690 1628; x_wconf 78' lang='lat' dir='ltr'><strong>mrbus</strong></span> <span class='ocrx_word' id='word_1_89' title='bbox 711 1551 932 1650; x_wconf 70' lang='lat' dir='ltr'><strong>philosophice</strong></span> <span class='ocrx_word' id='word_1_90' title='bbox 957 1565 1156 1650; x_wconf 77' lang='grc' dir='ltr'><em>μεταβαίνειν</em></span> 
     </span>
     <span class='ocr_line' id='line_1_14' title="bbox 132 1678 483 1762; baseline -0.003 -21"><span class='ocrx_word' id='word_1_91' title='bbox 132 1679 178 1749; x_wconf 78' lang='grc' dir='ltr'><strong>εἰς</strong></span> <span class='ocrx_word' id='word_1_92' title='bbox 198 1678 272 1742; x_wconf 80' lang='grc' dir='ltr'><em>ἄλλο</em></span> <span class='ocrx_word' id='word_1_93' title='bbox 296 1679 409 1762; x_wconf 69' lang='grc' dir='ltr'><em>γένος.</em></span> <span class='ocrx_word' id='word_1_94' title='bbox 428 1729 435 1744; x_wconf 94' lang='grc'>.</span> <span class='ocrx_word' id='word_1_95' title='bbox 454 1705 483 1745; x_wconf 83' lang='grc' dir='ltr'><strong>,ι</strong></span> 
     </span>
    </p>

    <p class='ocr_par' dir='ltr' id='par_1_3' title="bbox 217 1787 1154 1877">
     <span class='ocr_line' id='line_1_15' title="bbox 217 1787 1154 1877; baseline -0.002 -21"><span class='ocrx_word' id='word_1_96' title='bbox 217 1787 405 1856; x_wconf 80' lang='lat' dir='ltr'><strong>Aristoteles</strong></span> <span class='ocrx_word' id='word_1_97' title='bbox 439 1790 471 1854; x_wconf 91' lang='lat' dir='ltr'><strong>iu</strong></span> <span class='ocrx_word' id='word_1_98' title='bbox 498 1792 593 1855; x_wconf 70' lang='lat' dir='ltr'><strong>deal.</strong></span> <span class='ocrx_word' id='word_1_99' title='bbox 627 1791 732 1877; x_wconf 75' lang='grc' dir='ltr'><em>ὐστερ.</em></span> <span class='ocrx_word' id='word_1_100' title='bbox 760 1789 795 1870; x_wconf 90' lang='lat' dir='ltr'><strong>I.‚</strong></span> <span class='ocrx_word' id='word_1_101' title='bbox 824 1790 866 1854; x_wconf 78' lang='lat'><strong>23</strong></span> <span class='ocrx_word' id='word_1_102' title='bbox 893 1811 923 1876; x_wconf 92' lang='lat' dir='ltr'><strong>p.</strong></span> <span class='ocrx_word' id='word_1_103' title='bbox 945 1787 988 1854; x_wconf 82' lang='lat'><strong>84</strong></span> <span class='ocrx_word' id='word_1_104' title='bbox 1016 1787 1154 1854; x_wconf 81' lang='lat' dir='ltr'><strong>Becker.</strong></span> 
     </span>
    </p>
   </div>
   <div class='ocr_carea' id='block_1_3' title="bbox 15 1900 1158 1988">
    <p class='ocr_par' dir='ltr' id='par_1_4' title="bbox 15 1900 1158 1988">
     <span class='ocr_line' id='line_1_16' title="bbox 15 1900 1158 1988; baseline -0.002 -22"><span class='ocrx_word' id='word_1_105' title='bbox 15 1908 20 1914; x_wconf 88' lang='lat'>&#39;</span> <span class='ocrx_word' id='word_1_106' title='bbox 131 1901 288 1988; x_wconf 78' lang='lat' dir='ltr'><strong>praecipit</strong></span> <span class='ocrx_word' id='word_1_107' title='bbox 310 1902 436 1968; x_wconf 89' lang='lat' dir='ltr'><strong>termini</strong></span> <span class='ocrx_word' id='word_1_108' title='bbox 457 1903 491 1967; x_wconf 87' lang='lat' dir='ltr'><strong>io</strong></span> <span class='ocrx_word' id='word_1_109' title='bbox 514 1903 628 1968; x_wconf 90' lang='lat' dir='ltr'><strong>eodem</strong></span> <span class='ocrx_word' id='word_1_110' title='bbox 651 1912 687 1967; x_wconf 93' lang='lat' dir='ltr'><strong>ut</strong></span> <span class='ocrx_word' id='word_1_111' title='bbox 709 1902 773 1965; x_wconf 89' lang='lat' dir='ltr'><strong>sint</strong></span> <span class='ocrx_word' id='word_1_112' title='bbox 806 1923 943 1986; x_wconf 85' lang='lat' dir='ltr'><strong>genere,</strong></span> <span class='ocrx_word' id='word_1_113' title='bbox 978 1923 1042 1965; x_wconf 93' lang='lat' dir='ltr'><strong>non</strong></span> <span class='ocrx_word' id='word_1_114' title='bbox 1072 1900 1158 1964; x_wconf 87' lang='lat' dir='ltr'><strong>enim</strong></span> 
     </span>
    </p>
   </div>
   <div class='ocr_carea' id='block_1_4' title="bbox 126 2012 1159 3429">
    <p class='ocr_par' dir='ltr' id='par_1_5' title="bbox 131 2012 1159 2430">
     <span class='ocr_line' id='line_1_17' title="bbox 132 2012 1155 2098; baseline -0.001 -23"><span class='ocrx_word' id='word_1_115' title='bbox 132 2012 229 2076; x_wconf 89' lang='lat' dir='ltr'><strong>licere</strong></span> <span class='ocrx_word' id='word_1_116' title='bbox 252 2033 292 2076; x_wconf 81' lang='lat' dir='ltr'><strong>ox</strong></span> <span class='ocrx_word' id='word_1_117' title='bbox 316 2035 380 2077; x_wconf 91' lang='lat' dir='ltr'><strong>uno</strong></span> <span class='ocrx_word' id='word_1_118' title='bbox 403 2029 521 2098; x_wconf 85' lang='lat' dir='ltr'><strong>genere</strong></span> <span class='ocrx_word' id='word_1_119' title='bbox 543 2013 577 2076; x_wconf 89' lang='lat' dir='ltr'><strong>in</strong></span> <span class='ocrx_word' id='word_1_120' title='bbox 600 2013 686 2078; x_wconf 83' lang='lat' dir='ltr'><strong>aliud</strong></span> <span class='ocrx_word' id='word_1_121' title='bbox 708 2035 811 2098; x_wconf 90' lang='lat' dir='ltr'><strong>genus</strong></span> <span class='ocrx_word' id='word_1_122' title='bbox 826 2012 1002 2077; x_wconf 77' lang='lat' dir='ltr'><strong>transferre</strong></span> <span class='ocrx_word' id='word_1_123' title='bbox 1018 2015 1155 2098; x_wconf 80' lang='lat' dir='ltr'><strong>eaquae</strong></span> 
     </span>
     <span class='ocr_line' id='line_1_18' title="bbox 134 2119 1159 2208; baseline -0.002 -22"><span class='ocrx_word' id='word_1_124' title='bbox 134 2121 410 2188; x_wconf 82' lang='lat' dir='ltr'><strong>demonstrantur:</strong></span> <span class='ocrx_word' id='word_1_125' title='bbox 441 2119 475 2186; x_wconf 82' lang='grc' dir='ltr'><strong>ἐν</strong></span> <span class='ocrx_word' id='word_1_126' title='bbox 499 2121 605 2207; x_wconf 80' lang='grc' dir='ltr'><em>μέντοι</em></span> <span class='ocrx_word' id='word_1_127' title='bbox 637 2129 686 2208; x_wconf 79' lang='grc' dir='ltr'><strong>τῷ</strong></span> <span class='ocrx_word' id='word_1_128' title='bbox 714 2122 802 2207; x_wconf 75' lang='grc' dir='ltr'><em>αὐτῷ</em></span> <span class='ocrx_word' id='word_1_129' title='bbox 831 2121 913 2204; x_wconf 75' lang='grc' dir='ltr'><em>γένει</em></span> <span class='ocrx_word' id='word_1_130' title='bbox 941 2122 1057 2208; x_wconf 72' lang='grc' dir='ltr'><em>ἀνάγκη</em></span> <span class='ocrx_word' id='word_1_131' title='bbox 1086 2121 1159 2191; x_wconf 74' lang='grc' dir='ltr'><em>τοὺς</em></span> 
     </span>
     <span class='ocr_line' id='line_1_19' title="bbox 131 2231 1158 2323; baseline -0.004 -26"><span class='ocrx_word' id='word_1_132' title='bbox 131 2234 230 2320; x_wconf 75' lang='grc' dir='ltr'><strong><em>ὅρους</em></strong></span> <span class='ocrx_word' id='word_1_133' title='bbox 250 2232 349 2298; x_wconf 79' lang='grc' dir='ltr'><em>εἶναι.</em></span> <span class='ocrx_word' id='word_1_134' title='bbox 365 2283 373 2299; x_wconf 90' lang='grc'><strong>.</strong></span> <span class='ocrx_word' id='word_1_135' title='bbox 391 2233 428 2297; x_wconf 76' lang='lat' dir='ltr'><strong>orl</strong></span> <span class='ocrx_word' id='word_1_136' title='bbox 450 2233 511 2320; x_wconf 72' lang='lat' dir='ltr'><strong>reip</strong></span> <span class='ocrx_word' id='word_1_137' title='bbox 533 2232 572 2323; x_wconf 74' lang='grc' dir='ltr'><strong>ἦν</strong></span> <span class='ocrx_word' id='word_1_138' title='bbox 594 2233 633 2308; x_wconf 78' lang='grc' dir='ltr'><strong>ἐξ</strong></span> <span class='ocrx_word' id='word_1_139' title='bbox 652 2231 746 2298; x_wconf 77' lang='grc' dir='ltr'><em>ἄλλον</em></span> <span class='ocrx_word' id='word_1_140' title='bbox 769 2231 879 2316; x_wconf 70' lang='grc' dir='ltr'><em>γένους</em></span> <span class='ocrx_word' id='word_1_141' title='bbox 902 2231 1040 2303; x_wconf 71' lang='lat' dir='ltr'><strong>sirtille</strong></span> <span class='ocrx_word' id='word_1_142' title='bbox 1062 2231 1158 2319; x_wconf 69' lang='grc' dir='ltr'><em>διαβῇ</em></span> 
     </span>
     <span class='ocr_line' id='line_1_20' title="bbox 132 2345 522 2430; baseline 0.003 -21"><span class='ocrx_word' id='word_1_143' title='bbox 132 2367 181 2409; x_wconf 82' lang='grc' dir='ltr'><strong>ναι</strong></span> <span class='ocrx_word' id='word_1_144' title='bbox 203 2345 241 2410; x_wconf 83' lang='grc' dir='ltr'><strong>τὰ</strong></span> <span class='ocrx_word' id='word_1_145' title='bbox 263 2345 456 2430; x_wconf 72' lang='grc' dir='ltr'><em>δεικνύμενα.</em></span> <span class='ocrx_word' id='word_1_146' title='bbox 481 2381 522 2393; x_wconf 91' lang='lat'><em>-</em></span> 
     </span>
    </p>

    <p class='ocr_par' dir='ltr' id='par_1_6' title="bbox 126 2453 1154 2984">
     <span class='ocr_line' id='line_1_21' title="bbox 218 2453 1154 2541; baseline 0 -22"><span class='ocrx_word' id='word_1_147' title='bbox 218 2454 284 2519; x_wconf 87' lang='lat' dir='ltr'><strong>Vix</strong></span> <span class='ocrx_word' id='word_1_148' title='bbox 309 2456 487 2539; x_wconf 88' lang='lat' dir='ltr'><strong>juvenilem</strong></span> <span class='ocrx_word' id='word_1_149' title='bbox 514 2455 631 2522; x_wconf 84' lang='lat' dir='ltr'><strong>inierat</strong></span> <span class='ocrx_word' id='word_1_150' title='bbox 656 2465 808 2537; x_wconf 76' lang='lat' dir='ltr'><strong>aetutem,</strong></span> <span class='ocrx_word' id='word_1_151' title='bbox 839 2477 939 2541; x_wconf 89' lang='lat' dir='ltr'><strong>quum</strong></span> <span class='ocrx_word' id='word_1_152' title='bbox 961 2453 1105 2520; x_wconf 89' lang='lat' dir='ltr'><strong>libellum</strong></span> <span class='ocrx_word' id='word_1_153' title='bbox 1113 2455 1154 2532; x_wconf 67' lang='grc'><strong>19)</strong></span> 
     </span>
     <span class='ocr_line' id='line_1_22' title="bbox 131 2563 1154 2654; baseline 0.003 -25"><span class='ocrx_word' id='word_1_154' title='bbox 131 2563 187 2652; x_wconf 88' lang='lat' dir='ltr'><strong>qui</strong></span> <span class='ocrx_word' id='word_1_155' title='bbox 213 2563 398 2630; x_wconf 83' lang='lat' dir='ltr'><strong>inscribitur</strong></span> <span class='ocrx_word' id='word_1_156' title='bbox 427 2587 515 2630; x_wconf 83' lang='lat' dir='ltr'><strong>nove</strong></span> <span class='ocrx_word' id='word_1_157' title='bbox 535 2565 706 2631; x_wconf 88' lang='lat' dir='ltr'><strong>methodus</strong></span> <span class='ocrx_word' id='word_1_158' title='bbox 729 2565 902 2631; x_wconf 84' lang='lat' dir='ltr'><strong>discendes</strong></span> <span class='ocrx_word' id='word_1_159' title='bbox 924 2563 1154 2654; x_wconf 76' lang='lat' dir='ltr'><strong>ducendaeque</strong></span> 
     </span>
     <span class='ocr_line' id='line_1_23' title="bbox 126 2669 1154 2763; baseline 0.002 -23"><span class='ocrx_word' id='word_1_160' title='bbox 126 2669 399 2763; x_wconf 77' lang='lat' dir='ltr'><strong>jurisprudentiae</strong></span> <span class='ocrx_word' id='word_1_161' title='bbox 422 2675 532 2740; x_wconf 86' lang='lat' dir='ltr'><strong>ederet</strong></span> <span class='ocrx_word' id='word_1_162' title='bbox 552 2674 586 2740; x_wconf 89' lang='lat' dir='ltr'><strong>in</strong></span> <span class='ocrx_word' id='word_1_163' title='bbox 608 2676 729 2758; x_wconf 91' lang='lat' dir='ltr'><strong>lucem,</strong></span> <span class='ocrx_word' id='word_1_164' title='bbox 761 2697 802 2742; x_wconf 82' lang='lat' dir='ltr'><strong>ex</strong></span> <span class='ocrx_word' id='word_1_165' title='bbox 824 2697 889 2763; x_wconf 93' lang='lat' dir='ltr'><strong>quo</strong></span> <span class='ocrx_word' id='word_1_166' title='bbox 907 2675 990 2761; x_wconf 90' lang='lat' dir='ltr'><strong>juris</strong></span> <span class='ocrx_word' id='word_1_167' title='bbox 1013 2676 1154 2742; x_wconf 84' lang='lat' dir='ltr'><strong>studium</strong></span> 
     </span>
     <span class='ocr_line' id='line_1_24' title="bbox 129 2785 1153 2875; baseline 0.001 -23"><span class='ocrx_word' id='word_1_168' title='bbox 129 2785 351 2875; x_wconf 79' lang='lat' dir='ltr'><strong>philosophiae</strong></span> <span class='ocrx_word' id='word_1_169' title='bbox 385 2785 570 2874; x_wconf 72' lang='lat' dir='ltr'><strong>adjumento</strong></span> <span class='ocrx_word' id='word_1_170' title='bbox 608 2785 800 2875; x_wconf 83' lang='lat' dir='ltr'><strong>profundius</strong></span> <span class='ocrx_word' id='word_1_171' title='bbox 833 2807 908 2852; x_wconf 89' lang='lat' dir='ltr'><strong>eum</strong></span> <span class='ocrx_word' id='word_1_172' title='bbox 941 2786 1153 2872; x_wconf 80' lang='lat' dir='ltr'><strong>investigasse</strong></span> 
     </span>
     <span class='ocr_line' id='line_1_25' title="bbox 130 2907 230 2984; baseline 0 -20"><span class='ocrx_word' id='word_1_173' title='bbox 130 2907 230 2984; x_wconf 79' lang='lat' dir='ltr'><strong>petet</strong></span> 
     </span>
    </p>

    <p class='ocr_par' dir='ltr' id='par_1_7' title="bbox 131 3006 1154 3429">
     <span class='ocr_line' id='line_1_26' title="bbox 215 3006 1151 3098; baseline -0.003 -25"><span class='ocrx_word' id='word_1_174' title='bbox 215 3006 340 3074; x_wconf 89' lang='lat' dir='ltr'><strong>Ibidem</strong></span> <span class='ocrx_word' id='word_1_175' title='bbox 362 3009 396 3074; x_wconf 91' lang='lat' dir='ltr'><strong>in</strong></span> <span class='ocrx_word' id='word_1_176' title='bbox 412 3010 560 3098; x_wconf 77' lang='lat' dir='ltr'><strong>catalogo</strong></span> <span class='ocrx_word' id='word_1_177' title='bbox 576 3009 831 3076; x_wconf 76' lang='lat' dir='ltr'><strong>desideraturum</strong></span> <span class='ocrx_word' id='word_1_178' title='bbox 851 3006 1089 3098; x_wconf 80' lang='lat' dir='ltr'><strong>philosophiam</strong></span> <span class='ocrx_word' id='word_1_179' title='bbox 1100 3009 1151 3090; x_wconf 88' lang='lat' dir='ltr'><strong>ju·</strong></span> 
     </span>
     <span class='ocr_line' id='line_1_27' title="bbox 131 3115 1152 3208; baseline 0.003 -27"><span class='ocrx_word' id='word_1_180' title='bbox 131 3116 176 3182; x_wconf 88' lang='lat' dir='ltr'><strong>ris</strong></span> <span class='ocrx_word' id='word_1_181' title='bbox 210 3120 403 3205; x_wconf 77' lang='lat' dir='ltr'><strong>numerst²⁰)</strong></span> <span class='ocrx_word' id='word_1_182' title='bbox 436 3143 496 3186; x_wconf 90' lang='lat' dir='ltr'><strong>nec</strong></span> <span class='ocrx_word' id='word_1_183' title='bbox 530 3141 631 3208; x_wconf 89' lang='lat' dir='ltr'><strong>quum</strong></span> <span class='ocrx_word' id='word_1_184' title='bbox 663 3123 697 3186; x_wconf 88' lang='lat' dir='ltr'><strong>in</strong></span> <span class='ocrx_word' id='word_1_185' title='bbox 720 3121 803 3207; x_wconf 86' lang='lat' dir='ltr'><strong>juris</strong></span> <span class='ocrx_word' id='word_1_186' title='bbox 831 3119 937 3186; x_wconf 90' lang='lat' dir='ltr'><strong>studio</strong></span> <span class='ocrx_word' id='word_1_187' title='bbox 966 3115 1152 3184; x_wconf 89' lang='lat' dir='ltr'><strong>methodum</strong></span> 
     </span>
     <span class='ocr_line' id='line_1_28' title="bbox 132 3226 1154 3320; baseline 0.001 -29"><span class='ocrx_word' id='word_1_188' title='bbox 132 3226 330 3296; x_wconf 89' lang='lat' dir='ltr'><strong>subtiliorem</strong></span> <span class='ocrx_word' id='word_1_189' title='bbox 359 3232 605 3320; x_wconf 84' lang='lat' dir='ltr'><strong>gravioremque</strong></span> <span class='ocrx_word' id='word_1_190' title='bbox 633 3230 808 3296; x_wconf 79' lang='lat' dir='ltr'><strong>desiderari</strong></span> <span class='ocrx_word' id='word_1_191' title='bbox 837 3227 1047 3304; x_wconf 86' lang='lat' dir='ltr'><strong>ostendisset,</strong></span> <span class='ocrx_word' id='word_1_192' title='bbox 1080 3249 1154 3293; x_wconf 85' lang='lat' dir='ltr'><strong>con·</strong></span> 
     </span>
     <span class='ocr_line' id='line_1_29' title="bbox 131 3339 1152 3429; baseline -0.002 -23"><span class='ocrx_word' id='word_1_193' title='bbox 131 3343 307 3426; x_wconf 86' lang='lat' dir='ltr'><strong>temptores</strong></span> <span class='ocrx_word' id='word_1_194' title='bbox 329 3343 509 3429; x_wconf 89' lang='lat' dir='ltr'><strong>pertimuit:</strong></span> <span class='ocrx_word' id='word_1_195' title='bbox 535 3342 657 3406; x_wconf 74' lang='lat' dir='ltr'><strong>»ueniet</strong></span> <span class='ocrx_word' id='word_1_196' title='bbox 670 3341 821 3428; x_wconf 82' lang='lat' dir='ltr'><strong>fortasse</strong></span> <span class='ocrx_word' id='word_1_197' title='bbox 845 3339 939 3406; x_wconf 81' lang='lat' dir='ltr'><strong>aliud</strong></span> <span class='ocrx_word' id='word_1_198' title='bbox 960 3353 1082 3428; x_wconf 82' lang='lat' dir='ltr'><strong>tempus</strong></span> <span class='ocrx_word' id='word_1_199' title='bbox 1105 3339 1152 3404; x_wconf 82' lang='lat' dir='ltr'><strong>di-</strong></span> 
     </span>
    </p>
   </div>
   <div class='ocr_carea' id='block_1_5' title="bbox 200 3601 661 3754">
    <p class='ocr_par' dir='ltr' id='par_1_8' title="bbox 200 3601 661 3754">
     <span class='ocr_line' id='line_1_30' title="bbox 202 3601 591 3667; baseline 0.021 -18"><span class='ocrx_word' id='word_1_200' title='bbox 202 3601 238 3667; x_wconf 66' lang='grc' dir='ltr'><strong>Η)</strong></span> <span class='ocrx_word' id='word_1_201' title='bbox 257 3615 321 3651; x_wconf 76' lang='lat' dir='ltr'><strong>enno</strong></span> <span class='ocrx_word' id='word_1_202' title='bbox 334 3601 408 3662; x_wconf 82' lang='grc'><strong>1667,</strong></span> <span class='ocrx_word' id='word_1_203' title='bbox 425 3608 498 3653; x_wconf 78' lang='lat' dir='ltr'><strong>nutus</strong></span> <span class='ocrx_word' id='word_1_204' title='bbox 517 3602 591 3656; x_wconf 76' lang='lat' dir='ltr'><strong>lblb·</strong></span> 
     </span>
     <span class='ocr_line' id='line_1_31' title="bbox 200 3684 661 3754; baseline 0.009 -17"><span class='ocrx_word' id='word_1_205' title='bbox 200 3686 235 3754; x_wconf 72' lang='grc'><strong>60)</strong></span> <span class='ocrx_word' id='word_1_206' title='bbox 252 3686 293 3738; x_wconf 82' lang='lat' dir='ltr'><strong>ed.</strong></span> <span class='ocrx_word' id='word_1_207' title='bbox 311 3684 358 3739; x_wconf 79' lang='lat' dir='ltr'><strong>Ch.</strong></span> <span class='ocrx_word' id='word_1_208' title='bbox 376 3685 454 3738; x_wconf 78' lang='lat' dir='ltr'><strong>Wolf.</strong></span> <span class='ocrx_word' id='word_1_209' title='bbox 474 3687 540 3742; x_wconf 79' lang='lat'>1748</span> <span class='ocrx_word' id='word_1_210' title='bbox 557 3704 583 3753; x_wconf 84' lang='lat' dir='ltr'><strong>p.</strong></span> <span class='ocrx_word' id='word_1_211' title='bbox 604 3689 661 3742; x_wconf 80' lang='lat'>142.</span> 
     </span>
    </p>
   </div>
   <div class='ocr_carea' id='block_1_6' title="bbox 0 0 1416 4160">
    <p class='ocr_par' dir='ltr' id='par_1_9' title="bbox 0 0 1416 4160">
     <span class='ocr_line' id='line_1_32' title="bbox 0 0 1416 4160; baseline 0 0"><span class='ocrx_word' id='word_1_212' title='bbox 0 0 1416 4160; x_wconf 95' lang='lat' dir='ltr'><strong> </strong></span> 
     </span>
    </p>
   </div>
  </div>
 </body>
</html>
