2818 4160
592 236 784 298 ,6-

173 407 281 497 gratia
302 406 370 472 sine
393 405 501 471 nervis
524 427 562 470 ae
589 405 715 470 lacertis
746 405 921 471 scribentes
945 405 1067 488 (91a.)‚
1098 424 1198 491 quum

173 526 320 584 veterum
356 517 499 602 cogitata
530 515 674 581 mascula
707 525 739 580 et
772 515 917 603 ingentia
949 525 981 580 et
1004 513 1143 580 excitata
1165 524 1197 579 et

174 631 264 696 velut
286 627 558 718 supereminentia
573 627 679 710 rebus,
704 627 878 694 dictionem
893 637 1000 692 autem
1021 625 1198 691 naturalem

175 749 208 806 ot
230 739 352 805 claram
381 750 414 806 et
446 738 659 827 profluentem
682 749 715 804 et
742 739 839 805 rebus
869 761 982 826 parem
1014 737 1199 802 invenisset.

175 850 291 938 Neque
313 851 406 916 alitor
429 849 530 916 serius
541 849 675 935 judicat,
699 873 772 915 cum
787 850 808 914 5
824 850 916 914 annis
940 860 1014 914 ante
1037 848 1121 913 vitae
1144 871 1200 914 ex·

175 962 255 1026 itum
277 960 507 1047 Bieriingio²³)
530 961 641 1026 scribit
665 961 719 1024 oio
741 962 925 1024 carcereum
951 962 1051 1023 seatio
1080 961 1202 1024 rectius

175 1071 342 1136 statilius
372 1071 506 1157 dispici,
534 1071 616 1158 quid
644 1072 679 1134 ic
706 1071 864 1135 veteribus
889 1070 1092 1158 probandam
1114 1085 1143 1135 ot
1166 1073 1201 1136 ior

175 1207 254 1247 usus
268 1197 393 1246 costros
410 1181 669 1269 transferendum
691 1183 742 1262 sit,
758 1205 853 1268 quom
875 1181 957 1267 quid
976 1179 1201 1267 reprehendera-

176 1295 260 1361 dum.
304 1295 404 1360 Nemo
427 1317 578 1380 umquam
599 1294 708 1358 clarus
724 1292 814 1380 fuit,
845 1295 880 1357 io
908 1315 969 1378 quo
1002 1317 1064 1357 coc
1095 1292 1199 1356 molto

176 1405 304 1471 laudern
326 1420 528 1501 morereretur.
572 1405 668 1470 Video
692 1403 784 1469 hodio
799 1405 932 1489 juvenes
955 1404 1011 1467 hoc
1032 1403 1167 1468 morboi
1188 1443 1201 1452 ·

176 1519 289 1582 horare
303 1519 447 1604 passim,
472 1531 507 1582 ut
540 1517 578 1580 de
600 1517 776 1602 majoribus
806 1518 984 1580 contemtim
1018 1516 1199 1601 loquuntur,

175 1629 268 1694 oredo
302 1630 504 1716 ipoorcraticc
537 1629 588 1692 vel
614 1629 725 1715 potius
759 1627 968 1713 aeplipeotiae
1001 1625 1203 1690 accusandae

159 1762 294 1819 cuasa,
318 1752 354 1802 ut
366 1739 446 1824 jure
480 1738 610 1802 illorum
640 1739 823 1822 praeceptis
856 1759 966 1801 curere
998 1736 1198 1804 videantur«

178 1851 288 1936 Atque
305 1849 571 1936 Christophorum
586 1843 745 1914 Wolfium
762 1849 899 1934 epistula
915 1849 1092 1935 quadamffl)
1108 1873 1200 1936 prae·

179 1961 278 2042 dicat,
308 1961 394 2048 quod
419 1972 542 2026 veteres
576 1957 686 2048 magni
719 1961 904 2026 aestimarit.
952 1960 1060 2042 »Tura
1084 1961 1199 2048 inquit,

178 2071 250 2134 licet
273 2073 390 2134 tacitus
413 2083 449 2134 ut
465 2095 533 2156 por
555 2083 625 2134 erat
648 2071 807 2157 camapio
830 2071 1013 2153 castrinovi,
1037 2094 1098 2156 quo
1113 2094 1200 2156 pou·

179 2185 280 2248 ciorea
303 2207 367 2248 csso
388 2183 481 2248 hodie
502 2182 604 2265 ordeo,
627 2184 687 2269 qui
705 2196 837 2246 ueterem
861 2181 1039 2247 doctrinam
1066 2182 1199 2247 colante

177 2295 302 2361 Eadem
332 2307 439 2359 mente
469 2293 652 2360 Remundio
682 2293 802 2374 scribit,
811 2295 849 2372 ²⁶)
873 2315 907 2358 se
930 2302 1056 2378 tempus
1080 2293 1106 2358 si
1129 2316 1203 2380 sup-

123 2429 124 2434 *
178 2407 347 2494 peditam,
370 2428 440 2470 esse
463 2415 724 2490 comparaturum
748 2428 895 2470 succum
910 2416 1057 2470 veterum
1071 2406 1201 2494 dogma·
1238 2409 1239 2412 ’

179 2516 273 2597 tibus,
297 2538 362 2602 quo
384 2515 505 2580 iactum
526 2515 566 2579 iri
588 2524 625 2580 ut
640 2537 754 2580 aurum
769 2517 802 2581 in
819 2526 961 2582 stercore
982 2516 1086 2582 latens
1107 2517 1203 2582 inlu·

180 2649 251 2692 cem
273 2626 416 2712 prodiret
431 2637 462 2692 et
479 2627 632 2719 existeret
648 2627 798 2715 perennis
815 2628 973 2716 quaedam
991 2628 1200 2718 philosophia.

180 2739 226 2804 At
248 2737 347 2802 verba
371 2749 549 2803 memoratu
579 2737 678 2825 digna
707 2739 879 2802 afferamus
908 2739 1034 2826 integra
1057 2759 1138 2826 quae
1161 2759 1200 2801 eo

180 2849 302 2934 majore
327 2857 401 2913 sunt
423 2858 597 2926 momento,
620 2870 684 2936 quo
708 2860 786 2914 tune
811 2850 965 2937 temporis
981 2847 1202 2936 philosophiae

180 2959 314 3026 historia
336 2981 437 3047 paeue
460 2959 608 3046 neglecta
630 2959 705 3024 fuit:
731 2958 792 3024 »si
804 2960 872 3046 J'eo
894 2962 987 3024 accis
1010 2965 1037 3027 lo
1052 2960 1152 3042 loioir,
1170 2959 1188 3043 j

180 3071 398 3157 comparerois
414 3093 490 3134 orreo
523 3069 649 3157 dopones
679 3093 753 3134 coeo
782 3095 860 3136 ceum
889 3070 943 3136 des
972 3074 1109 3136 auctoris.
1153 3071 1204 3135 Lo

179 3183 279 3248 uiriti
307 3196 353 3248 eat
370 3183 449 3269 plus
468 3179 634 3271 re'paodoe
655 3181 747 3268 qo'oo
769 3206 807 3248 oe
829 3201 945 3270 pense,
968 3184 1052 3247 mais
1079 3183 1137 3247 elle
1159 3195 1205 3246 eat

181 3297 248 3358 tric
270 3307 398 3358 soocont
412 3293 535 3381 sardio
557 3307 586 3358 et
609 3298 672 3358 tria
694 3309 824 3360 scoceot
846 3297 941 3360 cossi
952 3295 1134 3380 eooeloppe'e
1149 3293 1209 3380 qui

186 3450 383 3460 --—·--—-—-

250 3562 286 3628 ²³)
306 3562 381 3618 1711.
399 3563 430 3615 of.
448 3579 506 3630 opp.
525 3563 636 3615 Dutsns:
652 3568 707 3614 tom
724 3563 755 3614 V.
774 3581 799 3630 p.
817 3563 875 3618 369.

249 3650 285 3715 24)
303 3667 362 3716 opp.
381 3649 446 3700 Dut:
464 3649 495 3700 V·
514 3667 541 3715 p.
559 3651 619 3709 447,
636 3665 702 3698 811Πο
721 3649 786 3702 1711
806 3644 890 3713 script·

249 3734 287 3804 ao)
307 3736 379 3786 lettre
396 3735 440 3786 111.
460 3735 529 3801 apud
545 3733 606 3784 Καὶ.
623 3750 649 3799 p.
668 3735 726 3795 ⁷04,
745 3729 813 3788 1714
830 3731 913 3798 seript.
