<?xml version="1.0" encoding="UTF-8"?>
<!DOCTYPE html PUBLIC "-//W3C//DTD XHTML 1.0 Transitional//EN"
    "http://www.w3.org/TR/xhtml1/DTD/xhtml1-transitional.dtd">
<html xmlns="http://www.w3.org/1999/xhtml" xml:lang="en" lang="en">
 <head>
  <title>
</title>
<meta http-equiv="Content-Type" content="text/html;charset=utf-8" />
  <meta name='ocr-system' content='tesseract 3.04.00' />
  <meta name='ocr-capabilities' content='ocr_page ocr_carea ocr_par ocr_line ocrx_word'/>
</head>
<body>
  <div class='ocr_page' id='page_1' title='image "./deleibnitiistud00jacogoog_0084.png"; bbox 0 0 2818 4160; ppageno 0'>
   <div class='ocr_carea' id='block_1_1' title="bbox 616 179 829 244">
    <p class='ocr_par' dir='ltr' id='par_1_1' title="bbox 616 179 829 244">
     <span class='ocr_line' id='line_1_1' title="bbox 616 179 829 244; baseline 0 -14"><span class='ocrx_word' id='word_1_1' title='bbox 616 179 829 244; x_wconf 70' lang='grc' dir='ltr'>-Ίῖ-</span> 
     </span>
    </p>
   </div>
   <div class='ocr_carea' id='block_1_2' title="bbox 200 349 1233 994">
    <p class='ocr_par' dir='ltr' id='par_1_2' title="bbox 200 349 1233 994">
     <span class='ocr_line' id='line_1_2' title="bbox 202 349 1230 438; baseline 0 -24"><span class='ocrx_word' id='word_1_2' title='bbox 202 375 261 418; x_wconf 72' lang='lat' dir='ltr'>sse</span> <span class='ocrx_word' id='word_1_3' title='bbox 283 353 370 418; x_wconf 88' lang='lat' dir='ltr'>solos</span> <span class='ocrx_word' id='word_1_4' title='bbox 394 373 463 418; x_wconf 90' lang='lat' dir='ltr'>rem</span> <span class='ocrx_word' id='word_1_5' title='bbox 485 373 545 416; x_wconf 84' lang='lat' dir='ltr'>aaa</span> <span class='ocrx_word' id='word_1_6' title='bbox 568 349 713 438; x_wconf 83' lang='lat' dir='ltr'>tetigisse</span> <span class='ocrx_word' id='word_1_7' title='bbox 735 350 937 416; x_wconf 77' lang='lat' dir='ltr'>existiment«</span> <span class='ocrx_word' id='word_1_8' title='bbox 947 351 987 429; x_wconf 81' lang='lat'>⁴⁹)</span> <span class='ocrx_word' id='word_1_9' title='bbox 1011 387 1050 398; x_wconf 89' lang='lat'>-·</span> <span class='ocrx_word' id='word_1_10' title='bbox 1073 349 1158 416; x_wconf 85' lang='lat' dir='ltr'>Prae</span> <span class='ocrx_word' id='word_1_11' title='bbox 1181 371 1230 414; x_wconf 85' lang='lat' dir='ltr'>oe-</span> 
     </span>
     <span class='ocr_line' id='line_1_3' title="bbox 204 460 1232 548; baseline -0.004 -18"><span class='ocrx_word' id='word_1_12' title='bbox 204 464 283 530; x_wconf 85' lang='lat' dir='ltr'>teris</span> <span class='ocrx_word' id='word_1_13' title='bbox 311 463 380 529; x_wconf 86' lang='lat' dir='ltr'>iere</span> <span class='ocrx_word' id='word_1_14' title='bbox 403 461 544 528; x_wconf 76' lang='lat' dir='ltr'>scientiis</span> <span class='ocrx_word' id='word_1_15' title='bbox 567 460 770 548; x_wconf 74' lang='lat' dir='ltr'>philosophia</span> <span class='ocrx_word' id='word_1_16' title='bbox 789 460 929 526; x_wconf 84' lang='lat' dir='ltr'>inventis</span> <span class='ocrx_word' id='word_1_17' title='bbox 951 461 1064 527; x_wconf 90' lang='lat' dir='ltr'>nititur</span> <span class='ocrx_word' id='word_1_18' title='bbox 1086 461 1232 547; x_wconf 89' lang='lat' dir='ltr'>priorum</span> 
     </span>
     <span class='ocr_line' id='line_1_4' title="bbox 201 570 1231 664; baseline -0.002 -24"><span class='ocrx_word' id='word_1_19' title='bbox 201 597 311 664; x_wconf 88' lang='lat' dir='ltr'>neque</span> <span class='ocrx_word' id='word_1_20' title='bbox 339 597 357 640; x_wconf 92' lang='lat' dir='ltr'>e</span> <span class='ocrx_word' id='word_1_21' title='bbox 386 597 420 638; x_wconf 88' lang='lat' dir='ltr'>re</span> <span class='ocrx_word' id='word_1_22' title='bbox 441 575 509 658; x_wconf 81' lang='lat' dir='ltr'>ejus</span> <span class='ocrx_word' id='word_1_23' title='bbox 532 581 589 654; x_wconf 87' lang='lat' dir='ltr'>est,</span> <span class='ocrx_word' id='word_1_24' title='bbox 614 570 732 638; x_wconf 86' lang='lat' dir='ltr'>eversis</span> <span class='ocrx_word' id='word_1_25' title='bbox 755 571 899 638; x_wconf 84' lang='lat' dir='ltr'>funditus</span> <span class='ocrx_word' id='word_1_26' title='bbox 923 571 1141 638; x_wconf 75' lang='lat' dir='ltr'>fundamentis</span> <span class='ocrx_word' id='word_1_27' title='bbox 1165 595 1231 638; x_wconf 87' lang='lat' dir='ltr'>om-</span> 
     </span>
     <span class='ocr_line' id='line_1_5' title="bbox 200 681 1233 771; baseline -0.003 -19"><span class='ocrx_word' id='word_1_28' title='bbox 200 687 300 752; x_wconf 86' lang='lat' dir='ltr'>nibus</span> <span class='ocrx_word' id='word_1_29' title='bbox 329 706 416 749; x_wconf 86' lang='lat' dir='ltr'>nova</span> <span class='ocrx_word' id='word_1_30' title='bbox 442 681 582 771; x_wconf 64' lang='lat' dir='ltr'>prorsus}</span> <span class='ocrx_word' id='word_1_31' title='bbox 604 681 768 748; x_wconf 84' lang='lat' dir='ltr'>aedidasri</span> <span class='ocrx_word' id='word_1_32' title='bbox 791 683 848 748; x_wconf 87' lang='lat' dir='ltr'>sed</span> <span class='ocrx_word' id='word_1_33' title='bbox 869 683 976 770; x_wconf 90' lang='lat' dir='ltr'>potius</span> <span class='ocrx_word' id='word_1_34' title='bbox 998 681 1167 749; x_wconf 74' lang='lat' dir='ltr'>materiam</span> <span class='ocrx_word' id='word_1_35' title='bbox 1188 683 1233 749; x_wconf 85' lang='lat' dir='ltr'>la-</span> 
     </span>
     <span class='ocr_line' id='line_1_6' title="bbox 203 793 1233 885; baseline -0.001 -24"><span class='ocrx_word' id='word_1_36' title='bbox 203 796 372 885; x_wconf 90' lang='lat' dir='ltr'>pidesque,</span> <span class='ocrx_word' id='word_1_37' title='bbox 401 795 457 883; x_wconf 85' lang='lat' dir='ltr'>qui</span> <span class='ocrx_word' id='word_1_38' title='bbox 487 793 625 880; x_wconf 74' lang='lat' dir='ltr'>neglecti</span> <span class='ocrx_word' id='word_1_39' title='bbox 644 795 713 881; x_wconf 88' lang='lat' dir='ltr'>jam</span> <span class='ocrx_word' id='word_1_40' title='bbox 735 803 856 877; x_wconf 79' lang='lat' dir='ltr'>extant,</span> <span class='ocrx_word' id='word_1_41' title='bbox 886 793 1025 860; x_wconf 77' lang='lat' dir='ltr'>conferri</span> <span class='ocrx_word' id='word_1_42' title='bbox 1047 793 1089 858; x_wconf 89' lang='lat' dir='ltr'>ad</span> <span class='ocrx_word' id='word_1_43' title='bbox 1112 812 1233 860; x_wconf 88' lang='lat' dir='ltr'>novum</span> 
     </span>
     <span class='ocr_line' id='line_1_7' title="bbox 206 903 1233 994; baseline -0.002 -22"><span class='ocrx_word' id='word_1_44' title='bbox 206 907 402 994; x_wconf 87' lang='lat' dir='ltr'>solidiusque</span> <span class='ocrx_word' id='word_1_45' title='bbox 442 904 659 972; x_wconf 88' lang='lat' dir='ltr'>extruendum</span> <span class='ocrx_word' id='word_1_46' title='bbox 694 903 886 972; x_wconf 84' lang='lat' dir='ltr'>aedilioium.</span> <span class='ocrx_word' id='word_1_47' title='bbox 947 903 1054 983; x_wconf 81' lang='lat' dir='ltr'>Quam</span> <span class='ocrx_word' id='word_1_48' title='bbox 1087 905 1129 972; x_wconf 94' lang='lat' dir='ltr'>ob</span> <span class='ocrx_word' id='word_1_49' title='bbox 1163 927 1233 970; x_wconf 91' lang='lat' dir='ltr'>rem</span> 
     </span>
    </p>
   </div>
   <div class='ocr_carea' id='block_1_3' title="bbox 203 1125 1234 1438">
    <p class='ocr_par' dir='ltr' id='par_1_3' title="bbox 203 1125 1234 1438">
     <span class='ocr_line' id='line_1_8' title="bbox 203 1125 1234 1214; baseline -0.002 -20"><span class='ocrx_word' id='word_1_50' title='bbox 203 1139 339 1194; x_wconf 87' lang='lat' dir='ltr'>auotore</span> <span class='ocrx_word' id='word_1_51' title='bbox 356 1127 466 1192; x_wconf 87' lang='lat' dir='ltr'>forsan</span> <span class='ocrx_word' id='word_1_52' title='bbox 482 1126 583 1192; x_wconf 89' lang='lat' dir='ltr'>insoio</span> <span class='ocrx_word' id='word_1_53' title='bbox 606 1125 751 1202; x_wconf 87' lang='lat' dir='ltr'>involuta</span> <span class='ocrx_word' id='word_1_54' title='bbox 772 1126 924 1194; x_wconf 89' lang='lat' dir='ltr'>invenies.</span> <span class='ocrx_word' id='word_1_55' title='bbox 947 1165 989 1176; x_wconf 85' lang='lat'>-—</span> <span class='ocrx_word' id='word_1_56' title='bbox 1015 1127 1082 1193; x_wconf 73' lang='lat' dir='ltr'>»Le</span> <span class='ocrx_word' id='word_1_57' title='bbox 1103 1130 1234 1214; x_wconf 76' lang='lat' dir='ltr'>present</span> 
     </span>
     <span class='ocr_line' id='line_1_9' title="bbox 206 1236 1233 1327; baseline 0.001 -23"><span class='ocrx_word' id='word_1_58' title='bbox 206 1248 259 1305; x_wconf 89' lang='lat' dir='ltr'>est</span> <span class='ocrx_word' id='word_1_59' title='bbox 286 1237 372 1326; x_wconf 89' lang='lat' dir='ltr'>plein</span> <span class='ocrx_word' id='word_1_60' title='bbox 404 1237 443 1302; x_wconf 89' lang='lat' dir='ltr'>de</span> <span class='ocrx_word' id='word_1_61' title='bbox 471 1236 604 1303; x_wconf 84' lang='lat' dir='ltr'>l’evenir</span> <span class='ocrx_word' id='word_1_62' title='bbox 626 1247 659 1302; x_wconf 92' lang='lat' dir='ltr'>et</span> <span class='ocrx_word' id='word_1_63' title='bbox 682 1237 801 1324; x_wconf 76' lang='lat' dir='ltr'>charge</span> <span class='ocrx_word' id='word_1_64' title='bbox 824 1237 867 1303; x_wconf 89' lang='lat' dir='ltr'>du</span> <span class='ocrx_word' id='word_1_65' title='bbox 890 1239 1012 1325; x_wconf 65' lang='lat' dir='ltr'>passe«</span> <span class='ocrx_word' id='word_1_66' title='bbox 1042 1238 1117 1316; x_wconf 82' lang='lat' dir='ltr'>(Ar.</span> <span class='ocrx_word' id='word_1_67' title='bbox 1142 1261 1233 1327; x_wconf 85' lang='lat' dir='ltr'>prop.</span> 
     </span>
     <span class='ocr_line' id='line_1_10' title="bbox 207 1347 947 1438; baseline -0.003 -22"><span class='ocrx_word' id='word_1_68' title='bbox 207 1374 240 1416; x_wconf 88' lang='lat' dir='ltr'>n.</span> <span class='ocrx_word' id='word_1_69' title='bbox 262 1349 302 1416; x_wconf 85' lang='grc' dir='ltr'>Ε.</span> <span class='ocrx_word' id='word_1_70' title='bbox 325 1374 356 1437; x_wconf 91' lang='lat' dir='ltr'>p.</span> <span class='ocrx_word' id='word_1_71' title='bbox 378 1350 477 1416; x_wconf 67' lang='lat'><strong>1971).</strong></span> <span class='ocrx_word' id='word_1_72' title='bbox 499 1347 661 1417; x_wconf 90' lang='lat' dir='ltr'>monadol.</span> <span class='ocrx_word' id='word_1_73' title='bbox 685 1350 760 1427; x_wconf 75' lang='lat'>§22</span> <span class='ocrx_word' id='word_1_74' title='bbox 781 1375 813 1438; x_wconf 93' lang='lat' dir='ltr'>p.</span> <span class='ocrx_word' id='word_1_75' title='bbox 831 1349 947 1434; x_wconf 79' lang='lat' dir='ltr'>706h.)</span> 
     </span>
    </p>
   </div>
   <div class='ocr_carea' id='block_1_4' title="bbox 206 1605 1243 3363">
    <p class='ocr_par' dir='ltr' id='par_1_4' title="bbox 206 1605 1239 3134">
     <span class='ocr_line' id='line_1_11' title="bbox 292 1605 1233 1694; baseline -0.002 -22"><span class='ocrx_word' id='word_1_76' title='bbox 292 1605 385 1685; x_wconf 80' lang='lat' dir='ltr'>Quae</span> <span class='ocrx_word' id='word_1_77' title='bbox 415 1629 516 1693; x_wconf 87' lang='lat' dir='ltr'>supra</span> <span class='ocrx_word' id='word_1_78' title='bbox 543 1627 581 1673; x_wconf 81' lang='lat' dir='ltr'>ex</span> <span class='ocrx_word' id='word_1_79' title='bbox 602 1607 757 1672; x_wconf 90' lang='lat' dir='ltr'>Leibnitii</span> <span class='ocrx_word' id='word_1_80' title='bbox 777 1606 867 1672; x_wconf 88' lang='lat' dir='ltr'>libris</span> <span class='ocrx_word' id='word_1_81' title='bbox 891 1607 1085 1693; x_wconf 84' lang='lat' dir='ltr'>petiveram,</span> <span class='ocrx_word' id='word_1_82' title='bbox 1114 1628 1233 1694; x_wconf 85' lang='lat' dir='ltr'>augen-</span> 
     </span>
     <span class='ocr_line' id='line_1_12' title="bbox 208 1716 1236 1806; baseline 0.001 -23"><span class='ocrx_word' id='word_1_83' title='bbox 208 1729 264 1784; x_wconf 86' lang='lat' dir='ltr'>tur</span> <span class='ocrx_word' id='word_1_84' title='bbox 283 1717 402 1782; x_wconf 70' lang='lat' dir='ltr'>inedito</span> <span class='ocrx_word' id='word_1_85' title='bbox 433 1717 582 1805; x_wconf 81' lang='lat' dir='ltr'>quodam,</span> <span class='ocrx_word' id='word_1_86' title='bbox 612 1719 700 1806; x_wconf 92' lang='lat' dir='ltr'>quod</span> <span class='ocrx_word' id='word_1_87' title='bbox 723 1718 805 1784; x_wconf 90' lang='lat' dir='ltr'>inter</span> <span class='ocrx_word' id='word_1_88' title='bbox 827 1741 866 1783; x_wconf 89' lang='lat' dir='ltr'>ea</span> <span class='ocrx_word' id='word_1_89' title='bbox 889 1739 970 1806; x_wconf 86' lang='lat' dir='ltr'>quae</span> <span class='ocrx_word' id='word_1_90' title='bbox 992 1717 1173 1784; x_wconf 89' lang='lat' dir='ltr'>Leibnitius</span> <span class='ocrx_word' id='word_1_91' title='bbox 1196 1716 1236 1784; x_wconf 90' lang='lat' dir='ltr'>de</span> 
     </span>
     <span class='ocr_line' id='line_1_13' title="bbox 206 1829 1233 1916; baseline 0.001 -22"><span class='ocrx_word' id='word_1_92' title='bbox 206 1829 318 1914; x_wconf 86' lang='lat' dir='ltr'>lingua</span> <span class='ocrx_word' id='word_1_93' title='bbox 331 1829 504 1895; x_wconf 85' lang='lat' dir='ltr'>universali</span> <span class='ocrx_word' id='word_1_94' title='bbox 519 1829 595 1916; x_wconf 86' lang='lat' dir='ltr'>egit,</span> <span class='ocrx_word' id='word_1_95' title='bbox 619 1831 651 1894; x_wconf 96' lang='lat' dir='ltr'>in</span> <span class='ocrx_word' id='word_1_96' title='bbox 667 1829 861 1895; x_wconf 79' lang='lat' dir='ltr'>bibliothece</span> <span class='ocrx_word' id='word_1_97' title='bbox 875 1829 1118 1896; x_wconf 82' lang='lat' dir='ltr'>Haunoverane</span> <span class='ocrx_word' id='word_1_98' title='bbox 1133 1852 1233 1895; x_wconf 85' lang='lat' dir='ltr'>asser·</span> 
     </span>
     <span class='ocr_line' id='line_1_14' title="bbox 207 1939 1235 2026; baseline 0.003 -23"><span class='ocrx_word' id='word_1_99' title='bbox 207 1949 313 2004; x_wconf 87' lang='lat' dir='ltr'>vatur.</span> <span class='ocrx_word' id='word_1_100' title='bbox 371 1939 540 2005; x_wconf 75' lang='lat' dir='ltr'>Concussit</span> <span class='ocrx_word' id='word_1_101' title='bbox 581 1952 687 2005; x_wconf 86' lang='lat' dir='ltr'>autem</span> <span class='ocrx_word' id='word_1_102' title='bbox 732 1941 810 2005; x_wconf 88' lang='lat' dir='ltr'>mihi</span> <span class='ocrx_word' id='word_1_103' title='bbox 848 1939 1235 2026; x_wconf 81' lang='lat' dir='ltr'>Trendelenburgio</span> 
     </span>
     <span class='ocr_line' id='line_1_15' title="bbox 210 2048 1238 2138; baseline 0.002 -24"><span class='ocrx_word' id='word_1_104' title='bbox 210 2059 341 2116; x_wconf 82' lang='lat' dir='ltr'>auctore</span> <span class='ocrx_word' id='word_1_105' title='bbox 354 2048 393 2114; x_wconf 84' lang='lat' dir='ltr'>O.</span> <span class='ocrx_word' id='word_1_106' title='bbox 407 2050 441 2118; x_wconf 86' lang='lat' dir='ltr'>J.</span> <span class='ocrx_word' id='word_1_107' title='bbox 459 2049 707 2133; x_wconf 82' lang='lat' dir='ltr'>Gathardtii,</span> <span class='ocrx_word' id='word_1_108' title='bbox 731 2049 907 2116; x_wconf 88' lang='lat' dir='ltr'>doctissimi</span> <span class='ocrx_word' id='word_1_109' title='bbox 930 2051 1122 2138; x_wconf 80' lang='lat' dir='ltr'>scriptorum</span> <span class='ocrx_word' id='word_1_110' title='bbox 1144 2050 1238 2117; x_wconf 87' lang='lat' dir='ltr'>Leib-</span> 
     </span>
     <span class='ocr_line' id='line_1_16' title="bbox 220 2159 1237 2248; baseline 0.003 -22"><span class='ocrx_word' id='word_1_111' title='bbox 220 2160 289 2226; x_wconf 89' lang='lat' dir='ltr'>nitii</span> <span class='ocrx_word' id='word_1_112' title='bbox 309 2163 607 2228; x_wconf 83' lang='lat' dir='ltr'>mathematicorum</span> <span class='ocrx_word' id='word_1_113' title='bbox 623 2161 763 2243; x_wconf 90' lang='lat' dir='ltr'>editoris,</span> <span class='ocrx_word' id='word_1_114' title='bbox 787 2159 892 2247; x_wconf 90' lang='lat' dir='ltr'>quiid</span> <span class='ocrx_word' id='word_1_115' title='bbox 907 2159 1119 2248; x_wconf 83' lang='lat' dir='ltr'>antealiquot</span> <span class='ocrx_word' id='word_1_116' title='bbox 1134 2185 1237 2229; x_wconf 89' lang='lat' dir='ltr'>annos</span> 
     </span>
     <span class='ocr_line' id='line_1_17' title="bbox 214 2271 1237 2362; baseline 0.001 -22"><span class='ocrx_word' id='word_1_117' title='bbox 214 2275 483 2362; x_wconf 73' lang='lat' dir='ltr'>transscripserat,</span> <span class='ocrx_word' id='word_1_118' title='bbox 505 2273 739 2342; x_wconf 88' lang='lat' dir='ltr'>benevolentia.</span> <span class='ocrx_word' id='word_1_119' title='bbox 762 2309 805 2321; x_wconf 92' lang='lat'>—</span> <span class='ocrx_word' id='word_1_120' title='bbox 828 2271 902 2352; x_wconf 76' lang='lat' dir='ltr'>Quo</span> <span class='ocrx_word' id='word_1_121' title='bbox 926 2273 969 2338; x_wconf 84' lang='lat' dir='ltr'>sit</span> <span class='ocrx_word' id='word_1_122' title='bbox 990 2283 1135 2360; x_wconf 88' lang='lat' dir='ltr'>tempore</span> <span class='ocrx_word' id='word_1_123' title='bbox 1159 2275 1237 2341; x_wconf 87' lang='lat' dir='ltr'>seri-</span> 
     </span>
     <span class='ocr_line' id='line_1_18' title="bbox 213 2383 1239 2473; baseline 0.003 -23"><span class='ocrx_word' id='word_1_124' title='bbox 213 2395 315 2472; x_wconf 86' lang='lat' dir='ltr'>ptum,</span> <span class='ocrx_word' id='word_1_125' title='bbox 337 2409 402 2452; x_wconf 92' lang='lat' dir='ltr'>non</span> <span class='ocrx_word' id='word_1_126' title='bbox 422 2397 472 2452; x_wconf 90' lang='lat' dir='ltr'>est</span> <span class='ocrx_word' id='word_1_127' title='bbox 487 2385 640 2468; x_wconf 86' lang='lat' dir='ltr'>additum,</span> <span class='ocrx_word' id='word_1_128' title='bbox 665 2385 846 2450; x_wconf 86' lang='lat' dir='ltr'>verosimile</span> <span class='ocrx_word' id='word_1_129' title='bbox 861 2394 969 2451; x_wconf 89' lang='lat' dir='ltr'>autem</span> <span class='ocrx_word' id='word_1_130' title='bbox 984 2383 1105 2451; x_wconf 88' lang='lat' dir='ltr'>seriore</span> <span class='ocrx_word' id='word_1_131' title='bbox 1120 2395 1239 2473; x_wconf 83' lang='lat' dir='ltr'>aetate3</span> 
     </span>
     <span class='ocr_line' id='line_1_19' title="bbox 216 2496 1238 2585; baseline 0.005 -27"><span class='ocrx_word' id='word_1_132' title='bbox 216 2505 304 2560; x_wconf 81' lang='lat' dir='ltr'>certe</span> <span class='ocrx_word' id='word_1_133' title='bbox 325 2507 398 2583; x_wconf 87' lang='lat' dir='ltr'>post</span> <span class='ocrx_word' id='word_1_134' title='bbox 420 2519 538 2563; x_wconf 90' lang='lat' dir='ltr'>annum</span> <span class='ocrx_word' id='word_1_135' title='bbox 562 2497 654 2579; x_wconf 81' lang='lat'><strong>1673,</strong></span> <span class='ocrx_word' id='word_1_136' title='bbox 679 2518 753 2562; x_wconf 87' lang='lat' dir='ltr'>eum</span> <span class='ocrx_word' id='word_1_137' title='bbox 775 2497 988 2562; x_wconf 89' lang='lat' dir='ltr'>Aristotelem</span> <span class='ocrx_word' id='word_1_138' title='bbox 1009 2496 1126 2580; x_wconf 85' lang='lat' dir='ltr'>laudet,</span> <span class='ocrx_word' id='word_1_139' title='bbox 1150 2497 1238 2585; x_wconf 89' lang='lat' dir='ltr'>quod</span> 
     </span>
     <span class='ocr_line' id='line_1_20' title="bbox 225 2605 1237 2694; baseline 0.005 -24"><span class='ocrx_word' id='word_1_140' title='bbox 225 2616 339 2672; x_wconf 85' lang='lat' dir='ltr'>contra</span> <span class='ocrx_word' id='word_1_141' title='bbox 360 2631 495 2673; x_wconf 85' lang='lat' dir='ltr'>vacuum</span> <span class='ocrx_word' id='word_1_142' title='bbox 517 2605 700 2694; x_wconf 83' lang='lat' dir='ltr'>disputavit</span> <span class='ocrx_word' id='word_1_143' title='bbox 733 2607 831 2672; x_wconf 90' lang='lat' dir='ltr'>Anno</span> <span class='ocrx_word' id='word_1_144' title='bbox 854 2606 941 2671; x_wconf 88' lang='lat' dir='ltr'>enim</span> <span class='ocrx_word' id='word_1_145' title='bbox 957 2607 1049 2692; x_wconf 73' lang='lat'><strong>1673,</strong></span> <span class='ocrx_word' id='word_1_146' title='bbox 1071 2608 1123 2677; x_wconf 81' lang='lat'>26.</span> <span class='ocrx_word' id='word_1_147' title='bbox 1139 2609 1237 2677; x_wconf 84' lang='lat' dir='ltr'>Mart</span> 
     </span>
     <span class='ocr_line' id='line_1_21' title="bbox 214 2715 1238 2820; baseline 0.003 -39"><span class='ocrx_word' id='word_1_148' title='bbox 214 2717 270 2796; x_wconf 85' lang='lat' dir='ltr'>(of.</span> <span class='ocrx_word' id='word_1_149' title='bbox 288 2715 468 2786; x_wconf 80' lang='lat' dir='ltr'>Guhrauer.</span> <span class='ocrx_word' id='word_1_150' title='bbox 491 2717 657 2784; x_wconf 87' lang='lat' dir='ltr'>Deutsehe</span> <span class='ocrx_word' id='word_1_151' title='bbox 673 2715 748 2784; x_wconf 85' lang='lat' dir='ltr'>Soh.</span> <span class='ocrx_word' id='word_1_152' title='bbox 765 2717 792 2784; x_wconf 92' lang='grc' dir='ltr'>Ι.</span> <span class='ocrx_word' id='word_1_153' title='bbox 814 2742 846 2820; x_wconf 90' lang='lat' dir='ltr'>p</span> <span class='ocrx_word' id='word_1_154' title='bbox 862 2717 1238 2804; x_wconf 77' lang='lat' dir='ltr'>278,286)Leibnit1us</span> 
     </span>
     <span class='ocr_line' id='line_1_22' title="bbox 214 2815 1243 2918; baseline -0.003 -21"><span class='ocrx_word' id='word_1_155' title='bbox 214 2829 339 2897; x_wconf 85' lang='lat' dir='ltr'>Joanni</span> <span class='ocrx_word' id='word_1_156' title='bbox 359 2828 526 2895; x_wconf 84' lang='lat' dir='ltr'>Friderieo</span> <span class='ocrx_word' id='word_1_157' title='bbox 554 2829 600 2894; x_wconf 91' lang='lat' dir='ltr'>ita</span> <span class='ocrx_word' id='word_1_158' title='bbox 629 2829 755 2894; x_wconf 85' lang='lat' dir='ltr'>scribit</span> <span class='ocrx_word' id='word_1_159' title='bbox 785 2815 846 2893; x_wconf 72' lang='lat' dir='ltr'>»Io</span> <span class='ocrx_word' id='word_1_160' title='bbox 859 2829 1071 2918; x_wconf 76' lang='lat' dir='ltr'>philosophia</span> <span class='ocrx_word' id='word_1_161' title='bbox 1092 2830 1243 2894; x_wconf 79' lang='lat' dir='ltr'>naturali</span> 
     </span>
     <span class='ocr_line' id='line_1_23' title="bbox 217 2939 1237 3022; baseline -0.002 -17"><span class='ocrx_word' id='word_1_162' title='bbox 217 2941 271 3005; x_wconf 76' lang='lat' dir='ltr'>tia</span> <span class='ocrx_word' id='word_1_163' title='bbox 292 2941 344 3005; x_wconf 71' lang='lat' dir='ltr'>dela</span> <span class='ocrx_word' id='word_1_164' title='bbox 368 2939 425 3004; x_wconf 80' lang='lat' dir='ltr'>der</span> <span class='ocrx_word' id='word_1_165' title='bbox 446 2955 528 3005; x_wconf 81' lang='lat' dir='ltr'>oreta</span> <span class='ocrx_word' id='word_1_166' title='bbox 500 2940 714 3022; x_wconf 77' lang='lat' dir='ltr'>t&#39;vtelleielat,</span> <span class='ocrx_word' id='word_1_167' title='bbox 737 2965 771 3008; x_wconf 85' lang='lat' dir='ltr'>eo</span> <span class='ocrx_word' id='word_1_168' title='bbox 786 2942 988 3008; x_wconf 81' lang='lat' dir='ltr'>oollleommoa</span> <span class='ocrx_word' id='word_1_169' title='bbox 1004 2939 1143 3005; x_wconf 78' lang='lat' dir='ltr'>demersat</span> <span class='ocrx_word' id='word_1_170' title='bbox 1131 2942 1237 3005; x_wconf 80' lang='lat' dir='ltr'>trt&#39;ret:</span> 
     </span>
     <span class='ocr_line' id='line_1_24' title="bbox 218 3051 878 3134; baseline 0 -20"><span class='ocrx_word' id='word_1_171' title='bbox 218 3063 339 3114; x_wconf 82' lang='lat' dir='ltr'>terram</span> <span class='ocrx_word' id='word_1_172' title='bbox 359 3052 488 3133; x_wconf 78' lang='lat' dir='ltr'>moueri,</span> <span class='ocrx_word' id='word_1_173' title='bbox 509 3053 593 3134; x_wconf 81' lang='lat' dir='ltr'>item,</span> <span class='ocrx_word' id='word_1_174' title='bbox 616 3051 696 3116; x_wconf 80' lang='lat' dir='ltr'>dart&#39;</span> <span class='ocrx_word' id='word_1_175' title='bbox 712 3075 878 3120; x_wconf 68' lang='lat' dir='ltr'>vacuum«</span> 
     </span>
    </p>

    <p class='ocr_par' dir='ltr' id='par_1_5' title="bbox 208 3161 1237 3363">
     <span class='ocr_line' id='line_1_25' title="bbox 300 3161 1237 3249; baseline 0.002 -23"><span class='ocrx_word' id='word_1_176' title='bbox 300 3161 492 3231; x_wconf 83' lang='lat' dir='ltr'>Inseribitur</span> <span class='ocrx_word' id='word_1_177' title='bbox 518 3174 642 3230; x_wconf 88' lang='lat' dir='ltr'>autem:</span> <span class='ocrx_word' id='word_1_178' title='bbox 674 3165 728 3227; x_wconf 76' lang='lat' dir='ltr'>»tia</span> <span class='ocrx_word' id='word_1_179' title='bbox 757 3164 873 3249; x_wconf 76' lang='lat' dir='ltr'>quibas</span> <span class='ocrx_word' id='word_1_180' title='bbox 894 3162 1079 3228; x_wconf 80' lang='lat' dir='ltr'>Aristotelis</span> <span class='ocrx_word' id='word_1_181' title='bbox 1094 3161 1237 3248; x_wconf 76' lang='lat' dir='ltr'>philoso-</span> 
     </span>
     <span class='ocr_line' id='line_1_26' title="bbox 208 3272 879 3363; baseline 0.001 -26"><span class='ocrx_word' id='word_1_182' title='bbox 208 3272 294 3359; x_wconf 74' lang='lat' dir='ltr'>phia</span> <span class='ocrx_word' id='word_1_183' title='bbox 307 3275 483 3359; x_wconf 77' lang='lat' dir='ltr'>probanda</span> <span class='ocrx_word' id='word_1_184' title='bbox 503 3277 554 3342; x_wconf 79' lang='lat' dir='ltr'>ool</span> <span class='ocrx_word' id='word_1_185' title='bbox 573 3275 786 3363; x_wconf 78' lang='lat' dir='ltr'>improbanda</span> <span class='ocrx_word' id='word_1_186' title='bbox 806 3277 879 3343; x_wconf 76' lang='lat' dir='ltr'>sits</span> 
     </span>
    </p>
   </div>
   <div class='ocr_carea' id='block_1_5' title="bbox 218 3516 1239 3586">
    <p class='ocr_par' dir='ltr' id='par_1_6' title="bbox 218 3516 1239 3586">
     <span class='ocr_line' id='line_1_27' title="bbox 218 3516 1239 3586; baseline 0.001 -20"><span class='ocrx_word' id='word_1_187' title='bbox 218 3516 309 3579; x_wconf 81' lang='lat' dir='ltr'>obstat,</span> <span class='ocrx_word' id='word_1_188' title='bbox 328 3519 388 3586; x_wconf 85' lang='lat' dir='ltr'>quia</span> <span class='ocrx_word' id='word_1_189' title='bbox 405 3526 500 3570; x_wconf 80' lang='lat' dir='ltr'>constat</span> <span class='ocrx_word' id='word_1_190' title='bbox 517 3520 633 3571; x_wconf 80' lang='lat' dir='ltr'>scientias</span> <span class='ocrx_word' id='word_1_191' title='bbox 651 3518 829 3569; x_wconf 81' lang='lat' dir='ltr'>incrementum</span> <span class='ocrx_word' id='word_1_192' title='bbox 847 3518 974 3584; x_wconf 88' lang='lat' dir='ltr'>aooepisse</span> <span class='ocrx_word' id='word_1_193' title='bbox 985 3518 1102 3571; x_wconf 83' lang='lat' dir='ltr'>varietate</span> <span class='ocrx_word' id='word_1_194' title='bbox 1120 3519 1239 3570; x_wconf 90' lang='lat' dir='ltr'>itinerum</span> 
     </span>
    </p>
   </div>
   <div class='ocr_carea' id='block_1_6' title="bbox 150 3605 862 3756">
    <p class='ocr_par' dir='ltr' id='par_1_7' title="bbox 150 3605 862 3756">
     <span class='ocr_line' id='line_1_28' title="bbox 150 3605 862 3672; baseline 0.003 -18"><span class='ocrx_word' id='word_1_195' title='bbox 150 3639 151 3643; x_wconf 65' lang='lat'>,</span> <span class='ocrx_word' id='word_1_196' title='bbox 218 3620 284 3670; x_wconf 79' lang='lat' dir='ltr'>quae</span> <span class='ocrx_word' id='word_1_197' title='bbox 301 3605 446 3658; x_wconf 79' lang='lat' dir='ltr'>inveritate</span> <span class='ocrx_word' id='word_1_198' title='bbox 464 3605 634 3672; x_wconf 75' lang='lat' dir='ltr'>investiganda</span> <span class='ocrx_word' id='word_1_199' title='bbox 651 3605 742 3656; x_wconf 85' lang='lat' dir='ltr'>diversi</span> <span class='ocrx_word' id='word_1_200' title='bbox 759 3605 862 3658; x_wconf 86' lang='lat' dir='ltr'>iniere.“</span> 
     </span>
     <span class='ocr_line' id='line_1_29' title="bbox 286 3689 604 3756; baseline -0.003 -12"><span class='ocrx_word' id='word_1_201' title='bbox 286 3689 324 3756; x_wconf 78' lang='lat'>4⁹)</span> <span class='ocrx_word' id='word_1_202' title='bbox 340 3691 380 3744; x_wconf 81' lang='lat' dir='ltr'>Ita</span> <span class='ocrx_word' id='word_1_203' title='bbox 397 3691 429 3744; x_wconf 86' lang='lat' dir='ltr'>de</span> <span class='ocrx_word' id='word_1_204' title='bbox 447 3689 604 3743; x_wconf 67' lang='lat' dir='ltr'>(luteeiauis.</span> 
     </span>
    </p>
   </div>
   <div class='ocr_carea' id='block_1_7' title="bbox 0 0 1425 4160">
    <p class='ocr_par' dir='ltr' id='par_1_8' title="bbox 0 0 1425 4160">
     <span class='ocr_line' id='line_1_30' title="bbox 0 0 1425 4160; baseline 0 0"><span class='ocrx_word' id='word_1_205' title='bbox 0 0 1425 4160; x_wconf 95' lang='lat' dir='ltr'> </span> 
     </span>
    </p>
   </div>
  </div>
 </body>
</html>
