2818 4160
551 181 759 256 ..25-

140 357 233 446 phys.
248 355 296 440 Π,
318 354 337 419 7
359 377 391 444 p.
410 353 471 420 198
494 351 560 418 ἐπεὶ
582 355 602 442 ἡ
624 351 717 440 φάσις
738 350 832 416 ἕνεκά
851 347 961 428 τοοθθ)
984 349 1025 417 cf.
1043 348 1107 437 pcl.
1132 350 1163 426 1,

141 467 298 555 2supra.

231 579 344 660 νΗάιιο,
366 576 481 664 pergit,
500 575 641 640 materia
657 575 781 662 appetit
789 573 931 658 formam
951 569 1164 652 hebetiorem«

141 675 177 760 id
199 691 287 779 quod
309 697 433 777 spectat
447 687 489 754 ad
503 687 689 754 Aristotelis
711 686 801 772 phys.
826 684 853 766 I,
876 684 907 767 9,
928 679 1064 750 materia
1083 679 1167 746 enim

141 803 251 868 forma
277 800 409 868 iniciicr
437 823 471 866 se
502 800 682 866 conformat
711 795 753 862 ad
778 795 885 879 illam,
916 815 990 860 cum
1019 801 1167 860 naturam

148 915 219 1000 ejus
242 913 428 1002 appetat³⁹t
441 951 481 962 -
493 913 646 998 Longum
662 919 712 976 cst
726 907 863 995 singula,
887 904 1017 994 quaein
1034 901 1172 993 epistula

146 1037 260 1095 extant
281 1027 408 1110 afferre,
431 1025 512 1092 haec
534 1033 660 1090 tantum
682 1019 794 1110 paucis
817 1017 983 1086 addamus
1022 1015 1170 1082 Primum

150 1138 282 1226 quidem
313 1138 381 1226 agit
408 1135 448 1203 de
476 1135 627 1219 materia,
661 1157 758 1222 quam
788 1154 845 1198 ens
874 1151 944 1196 esse
976 1127 1070 1194 dccet
1098 1136 1172 1194 ante

150 1272 278 1324 amnem
298 1250 436 1314 formam
459 1269 558 1337 quum
581 1245 700 1314 habeat
721 1243 925 1310 existentiam
948 1263 1039 1308 suam
1063 1241 1106 1327 (p
1129 1239 1172 1306 49

149 1358 254 1440 End..)
298 1357 354 1426 Sic
385 1360 493 1426 Ariste
494 1361 571 1426 teles
601 1356 770 1425 materiam
799 1379 856 1443 per
884 1378 919 1422 se
949 1353 1037 1420 omni
1065 1351 1173 1418 forma

151 1471 368 1560 qualitateque
392 1493 501 1536 carere
524 1478 651 1552 censet,'
665 1478 773 1558 neque
796 1491 866 1534 esse
889 1467 963 1532 τάδε
985 1465 1014 1531 ά
1033 1463 1172 1551 metaph.

151 1583 185 1666 7,,
211 1584 251 1649 13
279 1584 364 1663 ὥστε
390 1585 424 1647 τὸ
453 1579 584 1673 ἔσχατον
613 1578 685 1646 καθ’
716 1581 791 1644 αὑτὸ
820 1577 893 1644 οὔτε
920 1603 947 1644 τι
977 1575 1048 1643 οὔτε
1076 1578 1172 1642 ποσὸν

151 1693 223 1760 οὔτε
252 1695 326 1760 άλλο
356 1692 450 1759 οὐθέν
481 1693 571 1762 ἐστιν.
615 1691 731 1780 Neque
760 1690 942 1758 Aristotelis
971 1687 1174 1778 existentiam

151 1805 304 1873 materiae
319 1827 451 1894 prorsus
466 1813 573 1893 negat,
597 1827 696 1892 quum
711 1803 857 1890 potentia
878 1801 1035 1889 (δυνάμει)
1058 1799 1175 1868 existat

152 1927 185 1982 et
214 1917 384 2005 pervenire
410 1915 512 2004 possit
534 1915 575 1981 ad
602 1916 740 1984 formam
771 1913 814 1979 ἔτι
836 1916 856 2003 ἢ
879 1913 936 2002 ὕλη
959 1913 1023 1978 ἐστὶ
1045 1912 1175 1997 δυνάμει

153 2027 200 2091 ὅτι
221 2025 307 2091 ἔλθοι
329 2027 366 2092 ἂν
390 2029 435 2098 εἰς
457 2030 490 2092 τὸ
515 2027 614 2108 εἶδος,
636 2029 711 2090 ὅταν
733 2027 767 2090 ὸὲ
789 2025 960 2112 γ’ἐνεργείᾳ
982 2021 1019 2112 ᾔ,
1042 2024 1121 2105 [τότε
1143 2023 1176 2088 ἐν

155 2139 202 2224 τῷ
218 2135 293 2202 εἴδει
304 2136 395 2202 ἐστίν.
407 2138 545 2226 metaph.
553 2161 582 2230 v.
590 2137 683 2219 VIII,
694 2139 722 2201 8.
731 2159 761 2222 p.
770 2137 887 2203 1050a.
896 2174 934 2186 -
945 2134 1074 2202 Deinde
1081 2134 1176 2216 Leib-

155 2246 253 2315 nitius
277 2246 318 2312 de
333 2247 457 2335 origine
471 2249 649 2316 formarum
672 2270 714 2314 ex
736 2246 880 2334 petentia
895 2244 1047 2312 materiae
1070 2244 1177 2331 (cca.)

153 2359 233 2426 facit
262 2360 370 2428 verba.
415 2359 468 2426 Ex
495 2360 676 2428 Aristotelis
708 2367 832 2442 mente,
864 2368 901 2425 ut
926 2361 995 2444 jam
1024 2355 1178 2440 dicamus,

155 2480 204 2534 est
231 2471 327 2536 etiam
362 2471 533 2538 existentia
566 2471 743 2539 secundum
776 2471 990 2559 privationem
1019 2473 1181 2560 (meppea

157 2581 297 2667 metaph.
323 2583 375 2658 10,
390 2582 424 2661 4)
449 2582 545 2647 idest
561 2583 731 2648 existentia
745 2582 944 2670 imperfecta,
968 2605 1087 2671 exque
1104 2592 1179 2648 actu

157 2691 334 2782 (ἐνεργειᾳ)
356 2681 480 2758 formae
495 2693 658 2780 perfectae
680 2693 877 2762 evolvantur.
916 2692 1029 2773 Qualis
1045 2705 1093 2762 est
1116 2715 1180 2760 maa

167 2843 364 2856 n--n—-n--v

230 2929 267 2998 ⁸⁸)
286 2930 375 2983 Omne.
394 2928 541 2982 Aristoteles
560 2929 610 2992 ait,
630 2931 697 2997 quod
714 2930 744 2982 fit
762 2931 794 2983 ad
811 2931 960 3000 principium
977 2931 1105 2998 finemque
1121 2947 1181 2998 prc-

161 3016 282 3084 greditnr,
301 3017 374 3082 cujus
392 3032 468 3069 causa
485 3015 552 3068 enim
569 3023 609 3066 est
625 3017 791 3085 principium,
808 3019 934 3086 generatio
952 3035 1010 3070 vcro
1028 3017 1085 3068 finis
1103 3017 1182 3086 gratia

158 3109 211 3166 est,
235 3101 292 3154 finis
317 3109 386 3154 actus
409 3109 449 3153 est
471 3102 597 3168 hujusque
614 3103 693 3169 gratia
715 3104 820 3156 sumitur
841 3103 959 3172 potentia.
996 3101 1053 3154 Non
1070 3101 1136 3154 enim
1153 3085 1182 3172 ut

162 3185 243 3238 visum
260 3189 369 3240 habeant
386 3187 503 3240 animalia
520 3187 605 3239 vident
622 3189 667 3240 sed
684 3195 712 3239 ut
728 3188 828 3242 videant
850 3181 934 3242 visum
952 3189 1051 3241 hahent.
1072 3189 1181 3256 metaph.

161 3271 193 3334 8,
210 3271 227 3328 8
243 3290 268 3339 p.
284 3275 383 3330 105οο
400 3271 472 3326 ἅπαν
497 3267 534 3325 ἐπ’
556 3273 644 3344 ἀρχὴν
662 3273 770 3341 βαδίζει
793 3275 824 3329 τὸ
843 3273 1006 3347 γιγνόμενον
1030 3273 1072 3328 καὶ
1094 3274 1180 3337 τέλος.

162 3355 234 3429 ἀρχὴ
256 3355 310 3428 γὰρ
328 3359 359 3413 τὸ
383 3357 416 3412 οὗ
440 3359 529 3426 ἕνεκα,
552 3361 602 3412 τοῦ
626 3358 725 3421 τέλους
747 3356 856 3414 δ’ἕνειια
873 3363 890 3432 ἡ
908 3361 1023 3431 γένεσις.
1042 3361 1123 3423 τέλος
1139 3363 1178 3433 άὴ

161 3441 289 3512 ἐνέργεια
300 3444 343 3496 καὶ
355 3444 454 3498 τούτου
463 3445 547 3517 χάριν
565 3446 582 3517 ἡ
601 3443 717 3511 δύναμις
733 3444 907 3516 λαμβάνεται,
925 3447 960 3500 οὐ
979 3447 1035 3521 γὰρ
1052 3446 1096 3502 ἵνα
1114 3447 1178 3516 ὄφιν

162 3525 261 3602 ἔχωσιν
281 3530 367 3598 ὁρῶσι
385 3529 419 3584 τὰ
438 3533 502 3597 ζῶα,
521 3530 577 3585 ἀλλ’
595 3532 673 3594 ὅπως
696 3535 797 3604 ὁρῶσιν
817 3533 881 3603 ὄψιν
901 3533 1020 3608 ἔχουσιν.

232 3618 268 3685 8⁹)
288 3617 320 3670 cf.
339 3618 370 3670 G.
389 3617 536 3674 Schneider.
555 3637 645 3674 causae
663 3623 746 3676 finalis
759 3641 823 3692 qnae
841 3624 875 3676 sit
894 3625 962 3692 apud
972 3623 1048 3677 Arist
1066 3622 1123 3674 vis.
1140 3659 1166 3674 ..

162 3703 254 3762 dissert
270 3704 355 3774 inaug.
372 3723 397 3774 p.
416 3705 472 3764 26.
