2818 4160
642 227 856 294 ..38-

232 404 286 465 τοῦ
310 401 458 485 βλάβους
478 401 535 490 τῆν
557 401 714 488 διαφορὰν
727 400 824 485 μόνον
845 398 957 482 βλέπει
978 398 1109 484 tropo<
1122 400 1170 462 rat
1181 403 1279 488 χρῆ-

232 536 281 576 ται
308 513 355 584 ὡς
382 511 461 584 ἴσοις
486 511 528 579 V.
557 512 587 578 6.
613 559 650 578 ..
682 519 738 575 out
765 507 1038 577 distributiva
1067 511 1102 572 τὸ
1132 507 1165 572 ἐν
1195 511 1279 579 ταῖς

230 623 393 709 διανομαῖς
428 622 544 686 δίκαιον
566 621 606 691 V.
628 621 658 688 5.
690 643 772 709 quae
801 619 842 686 ed
870 641 1081 709 personarum
1110 619 1276 685 virtutem

230 732 349 822 (ἀξίαν)
372 742 495 818 spectet
518 732 644 798 καλοῦσι
661 732 698 796 δὲ
720 731 776 821 τῂν
799 732 941 819 τοιαύτην
961 729 1128 815 ἀναλογίαν
1142 751 1270 815 γεωμε-

232 843 338 931 τρικήν
360 845 389 906 οἳ
408 841 631 930 μαθηματικοί,
654 842 696 906 V.
719 844 749 909 6.

319 951 447 1030 Quibus
470 962 536 1018 tres
558 952 604 1018 illi
626 950 748 1038 gradus
770 951 924 1017 Lcibuitii
945 951 1071 1034 insunt,
1091 952 1146 1035 jus
1174 951 1270 1016 enim

231 1063 378 1128 strictum
395 1063 578 1130 Aristotelis
595 1062 742 1149 justitiae
765 1062 1024 1144 commutetivec,
1047 1063 1194 1150 aequites
1217 1063 1269 1126 di·

231 1172 426 1239 stributivue
457 1173 633 1260 respondet
662 1187 695 1240 et
718 1175 876 1260 justitiam
900 1171 1114 1240 universalem
1136 1171 1267 1238 Aristo·

229 1283 301 1349 telis
324 1283 515 1370 theologicis
537 1284 668 1350 vestivit
689 1283 865 1372 principiis.
910 1287 948 1351 Iu
980 1283 1155 1370 specimine
1183 1305 1266 1371 quo-

231 1391 353 1475 demil)
376 1394 544 1460 Aristoteli
577 1393 665 1460 laudi
700 1395 804 1477 ducit,
839 1395 914 1482 quia
947 1394 1071 1460 etiamsi
1101 1394 1265 1480 justitium

231 1505 448 1571 universalem
473 1507 514 1572 ad
537 1506 646 1572 Deum
669 1529 735 1570 nou
758 1505 897 1588 duxerit,
920 1518 1027 1572 temen
1051 1506 1119 1590 ejus
1134 1506 1199 1570 vim
1215 1504 1263 1569 di·

233 1616 456 1703 gnitatemque
494 1627 582 1682 recte
619 1617 827 1703 perspexerit.
857 1637 901 1668 -ὲ-
933 1620 1047 1704 Itequo
1081 1615 1262 1682 Leibnitius

231 1724 368 1790 eliorum
390 1726 529 1790 inventis
551 1749 672 1792 novum
688 1726 796 1792 attulit
810 1727 920 1792 lumen
936 1729 969 1793 in
986 1749 1142 1814 suumque
1157 1738 1262 1792 truns-

230 1833 304 1899 tulit
327 1837 529 1902 sententiam.
574 1839 647 1924 Ipse
670 1837 703 1900 in
726 1859 812 1903 nove
841 1836 994 1902 methodo
1023 1860 1123 1924 quum
1153 1838 1262 1903 Pleto-

229 1945 548 2028 nem,·Aristotelcm
572 1947 715 2034 aliosque
739 1949 819 2033 oqui
839 1949 927 2012 circu
942 1950 1002 2034 jue
1030 1961 1169 2013 naturae
1189 1947 1258 2036 plri-

232 2054 396 2142 loeoplzati
414 2070 508 2121 suot«
534 2057 707 2142 attulisset,
731 2057 827 2124 facile
852 2081 907 2126 eos
930 2059 1015 2124 iuter
1038 2081 1072 2124 se
1096 2058 1258 2124 conciliari

233 2188 329 2254 posse
353 2167 538 2236 declaravit.

300 2340 613 2408 ⁶²)epud'1'reudelenb.
638 2341 714 2408 „hist
733 2311 799 2393 Beit.
818 2342 852 2394 11.
872 2343 931 2396 261.
958 2341 1001 2408 „Jl
1017 2350 1056 2394 est
1072 2342 1124 2394 vrci
1142 2341 1253 2409 qu’Aris-

231 2434 282 2477 tote
301 2443 316 2476 a
334 2443 443 2477 reconuu
464 2433 529 2477 cette
542 2425 636 2492 justice
647 2425 799 2478 univereelle
811 2425 935 2494 quoiqu'il
947 2443 979 2479 ns
991 2426 1046 2480 l’ait
1061 2428 1132 2495 point
1142 2427 1253 2494 reportes

230 2511 330 2562 ls.Dieu
357 2519 382 2562 et
401 2513 430 2578 js
447 2519 534 2564 trouve
558 2512 623 2563 besu
641 2528 673 2563 eu
691 2511 736 2580 luy
754 2512 812 2564 d’ou
836 2512 904 2566 avoir
927 2530 959 2564 eu
987 2513 1144 2566 neuutmoius
1167 2526 1216 2564 une
1233 2513 1255 2564 si

231 2597 308 2648 huute
326 2596 384 2648 ides
399 2635 404 2649 .
418 2635 424 2649 .
440 2595 464 2650 .“
