2818 4160
599 149 813 216 ..(33.-

182 317 288 385 desse
310 341 373 385 eus.
420 317 603 384 Dieleutioe
624 318 724 406 igitur
746 319 870 384 ratione
901 320 1047 386 notiones
1077 319 1118 387 nd
1148 343 1221 412 per·

179 429 396 517 spiouitetem
418 429 553 516 perduoi
576 440 687 497 censet
710 440 823 518 estque
847 429 1014 497 dialectiea
1034 431 1221 521 indagatrix

179 551 222 606 et
243 551 410 628 tamquam
426 563 477 606 urs
493 540 606 606 oritioe
622 540 663 605 ed
680 541 822 606 omnium
839 540 1045 606 scientiarum
1061 543 1220 630 principie

182 652 276 718 vium
300 652 444 718 eontinet
466 653 699 742 ἐξεταστικὴ
721 654 782 740 γὰρ
806 651 886 718 οὖσα
909 655 990 740 πρὸς
1011 655 1068 724 τὰς
1089 654 1219 718 ἀπασῶν

183 768 252 828 τῶν
271 761 423 848 μεθόδιον
446 765 547 853 ἀρχὰς
572 764 646 828 ὁδὸν
676 762 739 853 ἔχει
760 763 781 831 l.
805 787 833 829 o.
864 765 905 828 uf.
928 765 1107 852 metaphys.
1130 762 1165 828 Γ.
1188 763 1218 832 2.

188 873 257 940 ἔστι
278 875 314 940 δὲ
335 877 355 964 ἢ
379 870 548 963 διαλεκτικὴ
572 877 819 966 πειραστικὴ,
843 877 914 962 περὶ
936 875 981 940 ὧν
1003 877 1023 964 ἡ
1047 874 1218 962 φιλοσοφία

188 982 386 1075 γνωριστική,
409 987 428 1074 ὴ
452 985 489 1050 δὲ
512 987 673 1074 σοφιστιιὴ
696 985 879 1074 φαινομένη,
903 984 983 1050 οὖσα
1006 985 1038 1049 δ’
1055 986 1100 1049 οὐ.
1124 1023 1167 1034 -

272 1096 349 1163 Jem
370 1096 403 1162 in
426 1096 553 1182 seriptis
572 1095 781 1182 juvenilibus,
803 1096 851 1162 uti
874 1119 974 1182 supra
995 1095 1217 1180 indicavimus,

183 1205 365 1274 Leibnitius
388 1207 555 1294 permagni
577 1206 733 1272 momenti
754 1207 847 1272 duxit
868 1207 957 1273 ideas
976 1207 1217 1274 definitionibus

184 1317 285 1405 defigi
306 1317 488 1406 limitesque
509 1317 548 1382 iis
570 1317 658 1405 poni.
703 1317 854 1406 Namque
877 1318 963 1384 haud
993 1341 1086 1384 secus
1119 1330 1216 1408 etque

187 1428 427 1508 Aristoteles³⁷J
456 1427 636 1494 Leibnitius
665 1426 908 1494 definitionibus
937 1429 1037 1494 utitur
1059 1431 1217 1497 occuratis

183 1550 223 1606 ut
243 1540 392 1605 notiones
413 1539 616 1604 illustrentur
637 1561 701 1604 neu
716 1537 794 1624 quid
808 1538 841 1603 in
857 1539 895 1602 iis
914 1539 1103 1626 reperietur,
1127 1539 1215 1627 quod

184 1653 226 1718 sit
248 1653 420 1720 obscurum
444 1652 708 1740 ambiguumque.
743 1650 853 1730 Quare
875 1652 927 1735 ‚de
949 1675 1027 1717 veru
1049 1650 1214 1716 mothodo'
1243 1733 1246 1738 ι

186 1764 261 1828 silli
279 1765 429 1852 iquorem
452 1771 497 1851 (p.
515 1765 578 1830 110
598 1764 693 1843 Erd.)
716 1763 800 1828 idem
822 1785 889 1830 esee
904 1764 1123 1829 mathematice
1137 1761 1215 1826 eori-

185 1875 256 1940 bere
272 1875 357 1960 quod
370 1875 537 1960 informa,
558 1889 594 1940 m
609 1877 709 1964 ioyioi
718 1890 840 1958 uoouut,
856 1877 1055 1942 ratiocinari
1066 1891 1095 1940 et
1110 1898 1209 1962 prae-

185 1999 272 2050 terea
288 1985 530 2050 distinctionum
545 1986 780 2071 captiunculas,
803 1989 918 2072 quibus
934 1988 1077 2072 alioquim
1094 2001 1215 2071 tempus

185 2097 304 2162 teritur
333 2119 399 2162 unu
432 2096 615 2182 defimtioue
640 2098 864 2182 praeuenire«
914 2098 955 2162 of.
984 2097 1025 2160 ed
1059 2095 1215 2182 Wagner.

184 2231 217 2296 p.
233 2207 295 2274 421
307 2209 336 2275 b.
361 2209 427 2274 »Ee
450 2208 494 2272 iet
513 2208 629 2295 φοιοιὶοο
652 2208 725 2272 tem
749 2206 919 2294 Gerinyee,
943 2206 1004 2272 dus
1025 2205 1215 2271 Amitoteiee

184 2304 196 2386 .'
211 2372 218 2386 .
236 2366 268 2386 ..
292 2317 348 2383 der
370 2332 452 2384 erote
474 2319 509 2384 iu
532 2318 589 2384 der
614 2319 697 2384 Tum
724 2340 873 2406 φοιοοοοα,
898 2316 955 2381 der
976 2317 1216 2382 mathematieeie

184 2451 297 2492 ausser
320 2429 376 2494 der
398 2429 611 2494 Mathemateie
638 2429 868 2518 qeuoltm'ebem
915 2429 1024 2517 Atque
1052 2427 1112 2495 elio
1140 2429 1214 2497 loeo

185 2535 376 2624 Stagiritem
410 2539 590 2625 praedicet,
624 2561 723 2626 quum
758 2563 905 2627 organon
936 2551 968 2606 et
990 2539 1214 2628 Metiphysioe

183 2635 358 2736 scripserit,
381 2649 549 2716 notionum
570 2649 684 2718 intima
706 2673 826 2738 magno
849 2651 982 2738 ingenio
1004 2651 1104 2717 tuisse
1120 2651 1215 2716 rime·

184 2769 253 2826 tum
278 2758 426 2840 (historie
448 2759 578 2848 linguae
601 2757 742 2826 charact.
774 2785 806 2848 p.
824 2763 886 2828 163
895 2761 950 2846 b.).
993 2761 1032 2826 In
1050 2761 1144 2826 tibro
1174 2758 1214 2824 de

179 2893 247 2958 quo
280 2869 408 2959 agimus
441 2871 570 2939 termini
603 2881 640 2938 ut
661 2854 855 2938 definiantur
880 2882 982 2960 optut·
998 2892 1127 2954 omnes,
1158 2869 1214 2956 qui

181 2981 311 3070 quidem
343 2982 470 3056 definiri
503 2985 628 3071 possint
661 2985 771 3067 (nouv.
797 3007 856 3052 ess.
879 2985 906 3066 Ι,
929 2985 949 3049 2
973 2994 1004 3048 et
1027 2985 1062 3066 3,
1091 3005 1122 3068 p·
1137 2981 1211 3064 219,

180 3115 217 3180 φ,
227 3091 287 3158 221
305 3091 432 3182 Erdm.)
455 3095 500 3161 ite
514 3106 551 3161 ut
564 3097 718 3162 veritates
734 3095 959 3163 definitionum
974 3115 1037 3180 ope
1053 3091 1094 3156 ed
1109 3091 1214 3178 prime

255 3324 293 3393 ³⁷)
311 3325 344 3379 oi.
356 3327 528 3379 definitionem
541 3325 658 3395 justitiee
675 3343 766 3394 rupuar
784 3329 836 3380 eth.
849 3327 897 3380 niu.
909 3343 947 3376 ex.
959 3343 996 3394 gr.
1011 3324 1054 3376 VI.
1067 3327 1092 3379 4.
1111 3323 1213 3396 τέχνης

182 3407 256 3480 (ἔξφς.
264 3425 307 3470 τις
322 3409 391 3476 μετὰ
402 3409 489 3481 λόγου
502 3410 630 3482 ἀληθοῦς
641 3412 776 3482 ποιητική)
791 3411 943 3482 ἐπιστήμης
959 3410 1015 3478 (VL
1028 3410 1052 3464 3.
1075 3407 1135 3470 ἕξις
1146 3409 1212 3474 ἀπο-

182 3494 309 3564 δεικτική)
328 3495 495 3565 φρονήσεως
517 3497 573 3562 (VL
585 3496 611 3552 5.
628 3493 689 3556 ἕξις
704 3495 775 3559 μετὰ
793 3495 879 3566 λόγου
898 3494 1008 3566 ἀληθὴς
1025 3493 1088 3563 περὶ
1107 3493 1141 3548 τὰ
1158 3493 1207 3571 ἀο-

181 3579 311 3647 ipsiusve
340 3579 434 3647 irari&
462 3581 608 3650 πρακτική)
632 3581 734 3648 σοφίας
755 3581 932 3648 (V1.7.0ep.
957 3583 1025 3639 νοῦς
1047 3578 1108 3647 [rai
1133 3579 1210 3629 ἐπι-

117 3683 119 3688 “
182 3664 291 3737 στήμη
310 3663 407 3734 ὥσπερ
426 3663 547 3736 κεφαλὴν
567 3662 696 3736 ἔχουσα).

1269 3980 1343 4008 ..
