2818 4160
599 127 811 192 ..47-

190 319 337 385 quaeque
369 317 422 363 rea
450 295 491 360 ab
519 295 582 361 alia
611 295 756 378 differat,
785 297 856 385 ipse
882 297 955 362 fons
982 310 1030 366 eat
1052 302 1218 370 actionum

189 409 389 476 internarum
413 407 459 491 (id
482 417 532 472 est
554 407 824 496 perceptionum),
846 431 954 495 neque
973 407 1077 474 alieno
1092 411 1216 499 indiget

187 519 311 585 auxilio
340 518 382 582 ad
406 539 440 582 ee
469 516 711 605 perficiendum,
735 541 848 584 revera
871 519 958 584 enim
981 529 1030 584 eet
1051 519 1220 588 individua

190 630 338 714 (ἄ-τομος
358 628 416 693 aed
438 628 581 694 formalia
604 649 669 692 non
693 629 893 708 materialia).
934 629 1047 716 ltaque
1072 629 1220 698 omnibus

195 738 336 825 (monad.
355 740 437 806 1714
459 763 490 826 p.
513 741 588 822 706)
612 737 804 806 monadibus
826 761 945 806 nomen
968 738 1221 812 entelechiarum

189 860 299 938 puteat
325 849 447 937 imponi
477 871 577 935 quum
609 849 643 914 in
674 871 708 914 se
736 849 875 916 habeant
904 857 1027 918 certam
1057 847 1222 939 quandam

190 963 431 1052 perfectionem,
462 960 567 1050 ἔχουσι
589 966 623 1026 τὸ
646 963 779 1042 ἐντελές,
802 973 835 1028 et
857 962 1084 1030 sufficientiam
1106 964 1220 1052 adrap-

190 1097 284 1141 κειαν.
329 1073 382 1138 De
409 1074 497 1138 hisce
526 1073 670 1138 terminis
693 1074 910 1140 Aristotelicie
936 1077 1004 1160 jem
1031 1097 1129 1163 cupra
1159 1075 1221 1142 die-

193 1186 362 1253 aeruimus.
385 1223 428 1234 -
450 1185 659 1253 Entelecbiae
688 1186 767 1252 istae
799 1185 981 1272 primitivae
1003 1186 1221 1275 perceptioni·

193 1297 256 1364 bue
289 1297 453 1384 praeditae
487 1308 562 1362 eunt
596 1297 722 1369 animae
753 1304 862 1376 (nouv.
892 1321 953 1364 eae.
991 1298 1075 1364 1704
1108 1301 1150 1369 ΙΙ.
1178 1301 1220 1366 21

191 1431 227 1496 p.
241 1407 319 1496 250)
352 1408 436 1474 »iate
464 1409 546 1472 enirn
575 1421 682 1472 sumta
710 1409 821 1472 animo
842 1431 903 1473 oon
926 1422 1051 1472 tontum
1072 1409 1222 1474 animoli-

195 1520 255 1584 bus
283 1519 342 1584 aed
365 1533 395 1584 et
417 1519 562 1586 omnibns
589 1518 667 1582 aliie
684 1519 941 1604 percipientibus
964 1518 1141 1582 tribuitur«
1166 1519 1223 1598 (ad

195 1628 354 1717 Wagner.
388 1633 472 1698 1710
493 1653 526 1716 p.
545 1629 634 1718 466).
679 1632 789 1718 Atque
821 1629 855 1694 in
878 1629 1150 1695 commentatione
1181 1629 1222 1696 de

191 1741 300 1809 enimn
328 1743 498 1808 brutorum
522 1743 607 1809 1710
634 1742 757 1829 scripta
783 1738 1020 1806 admittendum
1047 1739 1143 1806 docet
1166 1739 1222 1806 ali-

191 1852 270 1940 quid
298 1863 426 1940 praeter
453 1855 636 1936 materiam,
668 1851 755 1940 quod
781 1851 823 1916 ait
844 1851 1040 1939 principium
1063 1860 1129 1916 tam
1152 1873 1223 1938 per·

172 2006 176 2012 ·
194 1963 351 2050 captionis
374 1986 437 2030 seu.
453 1963 588 2029 actionis
611 1964 757 2030 internae
775 1985 873 2050 quam
888 1973 996 2028 motus
1012 1984 1068 2026 acu
1085 1962 1222 2028 actionis

194 2083 357 2157 externae,
384 2073 450 2140 vim
471 2073 561 2140 illam
583 2074 778 2162 primitivam
801 2074 992 2164 ἐντελέχειαν
1015 2075 1069 2162 τὴν
1094 2074 1222 2160 πρώτην

193 2207 259 2251 uno
282 2185 413 2252 nomine
435 2185 591 2270 animam,
622 2185 710 2275 quod
732 2185 877 2252 activum
899 2208 974 2250 cum
996 2184 1124 2272 passivo
1147 2205 1223 2250 con·

190 2297 342 2382 junctum
372 2297 583 2366 substantiam
614 2297 790 2375 constituat
818 2295 1013 2382 completam
1035 2301 1081 2382 (p.
1103 2292 1169 2360 463
1191 2303 1224 2362 et

198 2409 263 2474 464
283 2406 377 2490 Erd.)
406 2409 447 2476 ct.
471 2408 633 2497 specimen
661 2407 788 2494 dynam.
813 2405 978 2474 Gerhardt
999 2406 1020 2474 l.
1043 2427 1072 2472 o.
1094 2429 1127 2492 p.
1142 2404 1222 2474 236:

201 2515 266 2580 »Et
284 2518 458 2602 primitivo
480 2517 608 2602 quidem
629 2519 688 2604 (ae.
710 2518 758 2584 vis
781 2516 898 2598 activa)
923 2539 1004 2602 quoe
1025 2516 1111 2582 nitet
1131 2515 1227 2584 otiari

197 2639 254 2710 eat,
277 2648 379 2714 quarn·
396 2627 627 2718 ἐντελέχεια
648 2631 669 2717 ὴ
692 2629 845 2716 πρώτη,
875 2627 1002 2692 animae
1028 2627 1079 2694 val
1091 2625 1225 2712 formae

197 2740 414 2807 aubatoatioli
430 2739 630 2828 remandet«

283 2849 488 2936 Quaerimus,
511 2875 595 2942 quae
618 2852 660 2920 eit
680 2851 822 2920 notionis
845 2852 929 2920 illiue
958 2849 1045 2940 apud
1068 2851 1224 2916 Arietate·

194 2963 261 3030 lem
283 2964 364 3032 ratio
387 2985 516 3052 quaque
537 2965 571 3030 in
586 2987 622 3032 re
637 2963 833 3053 respondeat
848 2961 1001 3030 Leibnitii
1016 2957 1224 3028 entelechiac.

194 3073 240 3140 Et
261 3073 446 3142 Aristotelia
468 3074 599 3166 quidem
622 3076 797 3167 ἐντελεχεια
817 3074 1006 3142 facultatem
1028 3069 1092 3150 rei,
1116 3080 1225 3158 quate·

194 3205 256 3250 nue
278 3184 355 3272 ipsis
378 3187 426 3252 rei
448 3186 686 3253 conditionibus
709 3187 891 3253 continetur
913 3184 1072 3272 (δυναμιν)
1095 3181 1136 3248 ad
1151 3205 1223 3271 per-

198 3293 372 3362 fectionem
393 3296 557 3385 finemque
579 3295 695 3380 evehit,
715 3297 761 3364 ita
782 3305 983 3364 aesetaruae
1014 3317 1098 3382 quae
1120 3315 1163 3360 ex
1185 3315 1225 3358 eo

199 3405 404 3493 progignitur
427 3417 475 3474 eet
498 3408 637 3496 ὃνναμις,
660 3417 767 3474 statua
789 3407 873 3475 aeris
889 3406 1072 3497 ἐντελεχεια.
1110 3403 1226 3492 Neque

200 3515 233 3580 in
255 3515 326 3602 ipsa
348 3515 453 3614 adhuc
476 3518 602 3586 actione
623 3527 770 3585 vereatur
793 3517 850 3585 aad
871 3517 905 3584 in
921 3527 1006 3584 statu
1022 3540 1064 3584 ex
1080 3525 1154 3582 actu
1171 3537 1225 3580 ex-
