2818 4160
530 149 826 262 keo-

187 368 314 434 litatie
342 389 575 454 nonnumquam
601 366 812 447 misceantur,
839 364 1015 452 fatendum
1046 379 1093 430 eet
1128 379 1233 434 tamen

208 480 381 544 sententiae
403 480 454 544 ibi
472 480 506 544 in
528 502 652 544 summa
666 478 864 564 praeclarae
887 501 962 546 eece.
1006 479 1095 544 Nam
1117 491 1154 544 ut
1186 492 1233 544 to·

209 614 297 656 ceam
310 591 442 678 formae
464 591 541 656 illae
562 589 655 656 laodic
669 590 802 675 poesim
825 588 994 654 damnatae
1010 589 1141 676 aliquid
1153 591 1237 656 ocri·

189 703 289 772 ,tatic
313 703 347 767 in
368 725 493 766 rececou
516 701 639 783 habere,
665 699 750 766 iliud
770 701 931 786 imprimie
954 700 1050 766 laudo
1065 700 1154 786 quod
1167 724 1236 765 con·

211 815 300 882 tincti
318 813 506 878 diuo'eionem
528 815 561 878 in
584 813 747 898 infinitum
769 813 910 878 aeeeruit
931 826 961 878 et
982 827 1092 878 contra
1105 813 1238 882 Atcmoe

211 947 241 998 et
262 933 404 998 Vacuum
427 931 615 1018 dieputacit.
649 931 835 1000 Sententiae
857 932 969 996 horum
990 945 1057 998 octo
1080 932 1239 998 librorum

212 1042 408 1108 Geometrico
436 1067 522 1108 more
549 1043 718 1110 ordinatae
747 1042 837 1108 decta
857 1042 984 1108 Attice
1009 1042 1094 1108 Trea
1114 1043 1240 1108 Mathe-

211 1155 349 1218 maticue
369 1178 431 1219 non
452 1155 616 1242 cnlqarie,
640 1155 714 1220 licet
737 1154 1018 1218 denoonctrationec
1046 1154 1172 1219 alicubi
1189 1156 1238 1219 in-

211 1264 371 1345 firmiores
393 1288 459 1330 eree
479 1289 541 1329 non
564 1264 708 1350 diffiteri
725 1264 885 1332 uideatur.
915 1263 1028 1329 Media
1050 1264 1239 1331 Aristotelis

206 1375 355 1463 physica,
378 1357 460 1464 quae
482 1377 576 1442 librie
600 1377 638 1442 de
665 1379 868 1465 qeneratione
894 1373 925 1442 'et
952 1379 1170 1463 corruptione,
1201 1378 1242 1442 de

213 1486 305 1554 Ocelo
329 1502 357 1552 et
379 1490 531 1554 Meteorie
553 1491 737 1571 continetur,
762 1490 877 1575 quibus
899 1489 1024 1554 titettae
1047 1487 1086 1552 de
1100 1512 1196 1552 eeneu
1211 1501 1243 1553 et

211 1600 362 1664 eeneibili
382 1600 503 1686 aliique
524 1600 645 1667 eimilee
668 1600 753 1665 atto·
765 1614 911 1687 pareunt,
935 1601 1050 1688 emiqui
1067 1600 1243 1666 adnuodum

213 1712 366 1776 momenti
382 1710 528 1797 uidetur3
549 1713 626 1801 celle
649 1714 731 1776 enirn
752 1714 860 1776 omnia
879 1713 1072 1777 sublunaria
1099 1735 1138 1776 en
1161 1735 1242 1798 qua-

217 1833 289 1884 tuor
318 1821 504 1906 promarum
537 1822 732 1906 qualitatum
765 1835 859 1908 atque
892 1823 966 1887 inde
992 1846 1032 1887 en
1059 1823 1244 1910 arqentium

215 1929 449 1996 Elementorum
463 1932 691 1998 combinatione
706 1932 877 2020 amplicare,
897 1935 988 1998 lusui
1000 1934 1123 2021 inqenii
1142 1957 1240 2019 quarn

214 2043 319 2108 ocriae
343 2042 505 2110 doctrinae
526 2045 669 2133 propius
703 2043 846 2131 videtur,
868 2046 1062 2130 pracsertim
1084 2068 1156 2110 cum
1177 2068 1242 2109 non

217 2152 348 2240 dixerit,
372 2157 407 2220 in
428 2179 488 2242 quo
511 2157 645 2222 interior
667 2157 781 2220 luorum
804 2157 997 2243 qualitatum
1022 2169 1142 2222 natura
1170 2179 1241 2220 con·

216 2265 324 2332 enotat.
367 2265 413 2330 Et
435 2280 540 2332 tamen
563 2281 726 2354 tantopere
748 2281 950 2332 commentum
971 2268 1027 2332 ltoo
1042 2266 1156 2334 Selene
1165 2267 1242 2354 pla·

217 2379 294 2460 cuit,
317 2391 353 2442 nt
375 2401 408 2442 eo
431 2392 529 2443 totam
551 2378 747 2444 Medicinam
767 2378 923 2461 infecerit,
949 2403 1140 2466 quamquam
1163 2403 1239 2465 qua-

151 2523 153 2530 ,
216 2500 289 2552 tuor
311 2488 477 2552 Elementa
510 2489 639 2574 aliquid
668 2490 815 2555 ueritatis
842 2492 877 2554 in
905 2513 938 2555 ee
960 2491 1073 2556 labem
1103 2513 1166 2555 non
1199 2491 1244 2558 eit

218 2598 425 2684 diffitendum,
447 2601 559 2677 saltem
581 2603 663 2666 enim
688 2616 806 2666 certum
834 2617 882 2668 cet
910 2616 1047 2688 quatuor
1074 2623 1244 2688 corporum

216 2733 345 2774 meeeae
367 2735 500 2798 maqnac
515 2713 607 2798 apud
619 2738 675 2779 noe
690 2737 784 2778 cerna
799 2711 999 2799 deprehendi,
1022 2713 1134 2800 iqnem,
1150 2735 1238 2800 quem

217 2822 276 2888 lun
296 2822 417 2887 colaris
439 2826 576 2912 eparqit,
600 2835 681 2890 a'c'ra
703 2827 763 2912 qui
781 2825 862 2890 hunc
874 2825 1002 2912 qlobum
1016 2839 1161 2890 noctram
1176 2848 1239 2890 anu·

219 2934 280 3012 bit,
314 2942 432 3020 aquam
463 2957 535 2999 nero
570 2948 601 2999 et
629 2949 747 3000 terram
774 2937 809 3000 in
837 2959 915 3022 quoe
940 2936 1032 3023 qlobi
1057 2937 1244 3024 superficies

221 3043 427 3130 dispescitur.
473 3043 538 3110 Sed
557 3047 745 3132 corporibus
767 3046 845 3111 aliie
865 3048 1070 3134 qraoitatem,
1101 3030 1180 3113 alie'e
1203 3047 1244 3111 le-

217 3157 350 3222 nitatem
371 3169 491 3220 natura
513 3158 645 3222 incitam
668 3157 815 3241 tribuere,
835 3158 1064 3238 sublunaribue
1085 3171 1202 3223 motum
1222 3183 1245 3222 a

218 3281 324 3331 centro
348 3280 378 3330 et
400 3267 447 3332 ad
471 3282 624 3352 centrum,
654 3271 837 3335 coeleetibne
859 3261 1063 3354 circularem,
1095 3270 1245 3335 coelestia

219 3379 321 3442 omnis
342 3380 532 3444 mutationis
555 3395 689 3466 cooperto
711 3404 860 3463 asserere,
885 3394 982 3446 totum
996 3380 1149 3446 mundum
1164 3404 1243 3446 com·

211 3511 332 3574 ponere
360 3513 399 3554 en
426 3491 549 3578 aliquot
573 3491 741 3578 pelliculis
773 3492 878 3556 inetur
911 3516 1006 3578 cepoe
1034 3506 1092 3557 aut
1118 3493 1271 3587 aliquot¹

220 3599 352 3666 arbelae
385 3602 584 3690 crystallinie
616 3625 683 3667 ecee
704 3603 932 3688 ambientibus,
962 3605 1078 3691 quibua
1100 3617 1136 3668 ut
1158 3602 1248 3667 claui

221 3701 337 3777 aurati
355 3735 507 3778 curruum
528 3726 708 3778 noetrorum
729 3715 892 3780 uraniecie
908 3715 1030 3802 infimae
1044 3714 1110 3780 eint
1123 3714 1244 3795 atellae,
