2818 4160
197 292 319 383 plicare
340 288 488 379 poterit«
531 286 712 356 Leibnitiss
733 285 875 352 breviter
896 285 1069 372 respondet
1092 283 1156 351 »ad
1183 286 1247 350 τὰ

199 404 300 491 spic
320 427 354 470 τι
375 401 513 487 referet«
562 399 627 484 (De
650 397 820 486 categoriis
842 397 1027 464 Aristotelis
1049 421 1081 462 v.
1110 396 1245 480 infra.)

197 515 269 582 Nec
291 515 385 582 aliter
407 536 508 602 quum
522 509 669 579 Nizolius
692 509 778 576 dicat
791 510 833 576 ad
847 509 969 576 nullam
984 507 1242 596 categoriarum

203 626 384 694 Aristotelis
411 623 524 691 reduci
551 645 646 710 posse
675 620 893 688 conditionem
920 639 1149 708 personarum,
1193 629 1242 686 ut

199 760 270 806 esse
292 737 447 819 nobilem,
469 735 649 802 Leibnitius
674 733 811 798 »nobilis
833 731 879 797 od
898 745 1053 818 parentes
1078 729 1239 816 refertur

197 861 271 914 suot
294 869 367 934 erpo
389 846 465 911 icccc
486 869 547 912 cco
562 845 736 932 qualitates
757 843 1028 912 scriniarium«
1070 841 1238 910 Graviter

196 957 379 1027 Leibnitius
402 966 511 1023 nostra
534 956 631 1023 etiam
654 956 878 1022 dissertatione
900 955 1111 1046 Aristotelem
1134 955 1234 1021 scho-

197 1070 386 1136 lasticorum
407 1068 611 1156 ineptiarum,
628 1068 743 1156 quibus
759 1067 849 1134 illum
864 1067 984 1154 passim
999 1066 1228 1154 inquinabant,
1354 1079 1355 1082 ’

196 1204 316 1270 purum
339 1203 408 1246 esse
430 1181 591 1267 longeque
614 1179 712 1244 alium
729 1200 826 1266 quam
848 1178 904 1266 qui
918 1179 1011 1264 vulgo
1029 1177 1228 1266 depingatur
1294 1202 1301 1215 ·

198 1295 244 1380 (p.
260 1294 319 1376 67,
343 1317 374 1380 p.
391 1291 460 1380 68.)
481 1301 607 1372 monet,
631 1315 672 1358 ne
693 1290 920 1356 nonnullorum
944 1291 1069 1356 somnia
1099 1289 1139 1355 de
1169 1290 1226 1354 sb-

193 1403 336 1490 jiciendo
366 1426 498 1490 prorsus
526 1401 701 1468 Aristotele
729 1401 763 1466 in
791 1401 906 1466 animis
935 1401 1083 1466 incautae
1108 1401 1225 1488 juven-

196 1516 273 1582 tutis
295 1515 492 1582 invalescant
514 1515 568 1599 (68
579 1517 632 1598 a).
676 1513 776 1580 Haud
797 1514 898 1579 multo
921 1522 995 1599 post
1011 1512 1123 1579 scribit
1141 1510 1228 1600 (Hy-

197 1627 339 1715 potbeeis
366 1626 499 1713 physica
527 1649 614 1692 nova
637 1627 717 1692 1671
750 1627 789 1694 cf.
813 1624 850 1692 O.
873 1625 907 1693 J.
924 1623 1089 1691 Gerhardt
1110 1624 1226 1691 Leibn.

203 1737 388 1804 mathemat.
413 1736 572 1802 Schriften
595 1736 640 1801 ΙΙ.
664 1737 684 1801 2
712 1759 744 1823 p.
766 1736 833 1816 48).
881 1737 1105 1802 »Aristotelem
1134 1749 1170 1800 ct
1191 1735 1228 1800 io

199 1848 408 1935 praeteriens
431 1845 478 1911 cd
503 1846 669 1911 Nisclium
696 1845 734 1910 dc
761 1848 847 1912 ceras
872 1848 1049 1934 prsbctpiis
1071 1895 1105 1916 ..
1127 1869 1228 1934 oupcs·

71 1997 74 2006 ·
203 1981 350 2024 recusum
372 1957 470 2023 docui
488 1956 661 2022 concilim-c
683 1957 772 2045 {ceps
785 1957 934 2044 facilius
942 1959 1063 2046 fuerit,
1085 1983 1161 2026 nam
1174 1959 1228 2026 alic

198 2094 281 2160 psus
301 2093 459 2158 nusquam
481 2069 570 2152 dicit,
593 2091 675 2157 quoe
697 2071 731 2136 ci
749 2093 770 2135 a
785 2071 985 2136 scholasticis
1001 2072 1223 2158 imponentem

204 2183 436 2251 -Laudibus
466 2194 574 2251 autem
604 2185 697 2250 effert
726 2207 781 2269 eos
811 2183 866 2271 qui
895 2182 929 2248 in
951 2182 1126 2250 Aristotele
1154 2205 1224 2249 cum

204 2297 437 2363 recentioribus
459 2295 659 2362 conciliando
688 2316 819 2382 operam
841 2294 1008 2381 posuerint
1037 2293 1086 2382 (in
1113 2294 1223 2383 quibus

204 2407 345 2474 maxime
377 2405 600 2485 Thomasium)
632 2403 786 2492 illumque
820 2427 839 2468 s
872 2403 978 2470 surdis
1011 2404 1222 2492 dogmatibus,

207 2538 289 2604 quae
312 2517 342 2583 ei
357 2515 559 2604 superiorum
573 2525 756 2603 temporum
771 2515 956 2604 ignorantia
970 2515 1138 2602 affinxerit,
1159 2517 1222 2582 lon-

205 2627 337 2715 gissime
365 2628 484 2694 afuisse
511 2627 720 2696 ostenderint.
766 2625 831 2706 Qui
858 2651 998 2717 namque
1019 2629 1221 2696 Aristotelem

205 2737 396 2828 profundius
419 2739 483 2805 sint
504 2738 658 2821 assecuti,
688 2738 766 2805 setis
797 2739 994 2806 intellexisse
1016 2761 1115 2828 quam
1137 2739 1221 2828 gravi

206 2851 339 2918 consilio
367 2873 425 2917 sua
447 2873 620 2940 aggressus
643 2849 693 2934 sit,
717 2873 814 2938 quam
837 2851 1004 2938 praeclaro
1029 2849 1144 2917 ordine
1166 2851 1221 2916 ccl·

205 2963 336 3047 locarit,
365 2983 462 3051 quam
484 2959 624 3049 denique
643 2960 815 3047 magnifice
834 2961 875 3029 sit
897 2972 1063 3029 assecutus
1086 2962 1167 3051 (68).
1185 2999 1220 3013 ·-

110 3142 112 3144 ,
206 3075 322 3156 Restat
356 3083 393 3140 ut
422 3075 594 3140 afferamus
615 3071 780 3139 Niaolium
810 3096 935 3142 errasse
963 3097 1063 3164 quum
1089 3073 1220 3163 genuina

208 3207 307 3272 opere
320 3185 516 3250 Aristotelea
537 3184 662 3253 vocarit
681 3185 714 3251 in
738 3185 879 3253 dubium.
907 3187 947 3252 In
969 3184 1220 3252 adnotationibus

207 3318 304 3384 supra
332 3293 470 3362 laudetis
498 3295 655 3362 Ninollus
672 3297 773 3363 libros
802 3295 843 3362 de
873 3296 1016 3362 moribus
1046 3293 1133 3360 baud
1160 3315 1219 3360 esso

137 3409 139 3414 ’
206 3407 389 3474 Aristotelis
418 3407 475 3474 sed
500 3409 569 3496 ejus
602 3407 659 3474 filii
685 3408 876 3474 Nicomachi
899 3408 1016 3496 probat
1037 3407 1218 3474 auctoritate

208 3515 381 3602 Ciceronis,
412 3517 592 3585 [leibnitius
619 3538 697 3585 vero
721 3519 909 3584 Ciceronem
936 3519 1048 3586 statuit
1071 3517 1217 3606 conjicere

158 3681 160 3684 .
207 3637 334 3695 tantum
363 3651 458 3718 posse
479 3628 617 3695 fortasse
639 3649 709 3694 esse
731 3627 789 3692 filii
810 3638 844 3694 et
865 3628 978 3716 objicit
999 3652 1065 3695 non
1087 3627 1217 3716 potuisse
