2818 4160
602 109 815 210 ...46-

277 277 362 342 Item
394 277 477 346 1695
505 277 628 358 libello,
660 301 755 366 quem
783 278 949 364 inscripsit
972 283 1138 365 »systema
1165 298 1267 342 neu-

194 409 276 464 teau
306 386 344 452 de
374 389 408 452 la
434 401 568 452 actura«
600 389 721 454 formas
750 383 982 456 substantiales
1008 387 1265 456 restituendas

194 509 308 564 censet
329 497 386 564 sed
408 499 454 564 ita
475 507 512 564 ut
533 520 621 580 usus,
648 499 704 584 qui
726 521 767 564 ex
789 498 828 564 iis
850 498 974 586 percipi
996 498 1106 586 possit,
1144 519 1261 583 sepc-

191 617 284 676 retur
306 609 348 674 ab
363 609 465 674 abusu
481 608 764 690 scholasticorum
786 607 905 676 ibidem
921 618 957 674 ut
972 609 1111 674 unitates
1132 629 1260 674 verae

195 718 285 787 addit
306 727 351 806 (p.
372 720 447 797 124)
475 729 609 806 possent
636 720 785 804 inveniri,
814 730 883 785 erat
905 718 1173 808 confugiendum
1202 715 1254 782 ad

194 840 351 898 atomos
373 831 571 897 formales
593 834 686 919 (ques
705 842 820 919 postea
834 830 1009 898 monadum
1025 827 1255 917 praedicavit

195 942 350 1026 nomine),
373 965 510 1028 quarum
532 941 663 1029 quidem
684 953 834 1008 naturam
857 941 1035 1009 consistere
1054 940 1086 1006 iu
1103 940 1248 1006 virtute

198 1052 312 1136 (force)
341 1051 467 1136 inveni3
498 1052 690 1120 Aristotcles
720 1052 792 1118 illas
821 1051 1017 1119 entelechias
1045 1049 1248 1118 nominavit

195 1163 331 1249 primas,
361 1185 423 1250 ego
454 1173 564 1228 autem
591 1163 772 1229 accuratius
800 1163 911 1231 forsan
937 1163 1022 1228 vires
1044 1162 1242 1249 primitivas

196 1274 316 1362 quippe
352 1297 435 1362 quae
468 1297 534 1340 non
568 1273 672 1339 solum
705 1279 814 1340 actum
847 1282 919 1354 (seu
953 1273 1240 1361 complementum

198 1385 433 1473 possibilitatis)
469 1384 526 1451 sed
561 1386 656 1451 etiam
690 1396 798 1452 actum
832 1384 1030 1471 primitivum
1057 1387 1239 1452 continent

198 1496 341 1574 (activitd
362 1495 541 1582 originale).
579 1497 689 1582 Atque
704 1496 738 1561 in
753 1495 929 1583 specimine
952 1494 1122 1580 dynamico
1140 1493 1233 1562 1695

199 1607 344 1694 scripto:¹
374 1608 439 1672 »Et
470 1606 735 1692 quemadmodum
766 1606 947 1672 Democriti
970 1605 1165 1693 corpuscula
1203 1617 1236 1668 et

195 1719 345 1784 Plutonia
379 1717 487 1799 meae,
525 1730 555 1782 et
582 1717 762 1784 Stoicorum
792 1717 827 1781 iu
855 1718 975 1802 optimo
1002 1739 1112 1782 aarum
1140 1738 1233 1782 aerae

199 1827 469 1914 tranquillitatem
501 1839 612 1892 costra
641 1841 731 1892 aetas
761 1853 782 1892 a
816 1841 972 1894 contemtu
997 1827 1148 1910 obsoleat,
1178 1827 1232 1892 ita

200 1963 283 2004 uuae
296 1939 591 2026 Peripateticorum
613 1939 740 2006 tradita
762 1938 800 2004 de
807 1938 933 2026 formu
950 1941 1018 2004 aiva
1031 1938 1231 2006 Eateleclriah

198 2051 294 2137 (quae
315 2051 427 2117 merito
451 2051 665 2138 aeaiymatica
688 2053 760 2116 visa
782 2065 858 2116 suut
877 2053 996 2136 eaeque
1017 2051 1103 2136 ipsis
1124 2050 1227 2116 aaa·

197 2163 290 2227 ribus
319 2177 402 2228 recte
425 2164 592 2251 percepta)
623 2163 670 2228 acl
695 2164 839 2230 aetiouas
862 2161 1080 2248 iutelleyibilee
1102 2184 1228 2228 recoca-

202 2273 328 2356 dzmtur,
358 2281 394 2338 u't
426 2275 506 2340 adeo
532 2288 694 2360 receptam
719 2298 741 2336 a
769 2285 813 2338 tot
842 2272 959 2337 ecculm
986 2271 1228 2360 Philosophiam

200 2384 363 2470 eupliam-e
381 2386 504 2470 potius,
536 2384 585 2448 ita
614 2397 650 2448 ut
676 2396 821 2450 coartare
847 2383 916 2448 sibi
934 2383 1044 2472 possit
1073 2383 1150 2468 (ubi
1171 2383 1228 2448 laec

192 2494 340 2582 putitiu)
364 2507 459 2580 atque
479 2493 647 2560 illustrare
664 2516 764 2580 porro
790 2494 941 2580 eoot'spue
953 2481 1152 2560 ¹caritatibus
1172 2517 1227 2558 au-

198 2626 274 2695 pera
307 2628 403 2692 quam
441 2606 565 2672 abolere
597 2606 814 2674 necessarium
842 2617 1005 2692 putemus.
1056 2605 1108 2672 cf.
1148 2603 1227 2672 Ger·

201 2716 299 2784 hardt
319 2717 417 2784 math.
442 2715 520 2798 Sch.
534 2719 579 2786 ΙΙ.
602 2718 632 2800 2,
656 2743 686 2807 p.
703 2717 776 2786 235.
819 2717 955 2784 Formas
982 2726 1130 2784 veterum
1151 2713 1225 2782 sori·

200 2827 249 2897 bit
273 2829 354 2896 1697
383 2828 532 2895 Bouveto
562 2835 607 2916 (p.
630 2829 692 2896 146
713 2828 807 2908 Erd.)
843 2850 900 2896 seu
937 2827 1130 2896 entelechias
1159 2847 1221 2892 uon

197 2938 261 3004 uisi
293 2939 378 3006 vires
412 2961 498 3022 esse,
530 2939 658 3027 hocque
691 2938 789 3006 modo
818 2947 963 3006 veterum
991 2937 1222 3028 philosophiam

200 3071 297 3137 posse
323 3050 457 3122 restitui.
504 3048 632 3116 Eodem
659 3072 744 3116 anno
768 3049 930 3133 Sturmio,
958 3073 992 3117 se
1015 3072 1058 3116 cx
1079 3047 1222 3116 Platonis

204 3169 238 3227 et
259 3161 443 3227 Aristotelis
468 3170 576 3228 mente
603 3161 802 3229 substantiae
831 3162 964 3229 notione
992 3161 1040 3227 uti
1061 3170 1140 3249 apta
1164 3181 1223 3224 are

201 3270 385 3336 stitueudaa
406 3272 559 3358 autiquae
580 3286 610 3337 et
631 3287 668 3338 ut
684 3291 740 3361 apo
749 3272 864 3359 judico
877 3295 972 3338 cerae
982 3271 1219 3360 philisoplaiaar

203 3387 248 3470 (p.
267 3382 329 3448 145
349 3382 455 3464 Era).
495 3367 553 3450 Ex
587 3383 715 3472 scriptis
750 3384 863 3450 ceteris
897 3405 981 3471 quas
1013 3383 1055 3450 ad
1084 3392 1220 3450 nostrum

201 3493 403 3582 propositum
433 3504 508 3563 suut
534 3493 652 3564 idonea
679 3496 881 3576 efferamus.¹
907 3492 993 3560 (lum
1018 3493 1133 3561 visua
1153 3514 1220 3559 uua-
