2818 4160
572 125 787 190 -61-

161 300 278 388 πάσχει
290 299 340 360 κοῦ
355 297 389 360 τὸ
402 296 462 380 μὲν
478 297 601 360 κινεῖται
617 297 651 358 τὸ
661 294 700 358 θὲ
715 297 798 372 κινεῖ,
818 295 936 358 τούτων
953 295 1043 360 οῦδὲν
1058 299 1195 388 ὑπάρχει

162 411 247 494 πρὸς
261 407 377 495 ἄλληλα
392 409 457 477 τοῖς
473 409 614 496 τυχοῦσιν
631 453 638 468 .
655 452 663 468 .
679 405 789 491 ὥσπερ
805 405 1009 494 ἐνδεχόμενον
1028 410 1105 472 κατὰ
1117 407 1195 476 τοῦ(

160 517 405 604 Πυθαγορικοὺς
432 514 557 601 μύθους
584 518 637 604 τὴν
651 556 653 559 v
667 518 819 604 τυχοῦσαν
848 517 948 604 ψυχὴν
978 517 1023 586 εἰς
1044 519 1078 580 τὸ
1101 519 1193 606 τυχὸν

164 626 337 694 ἐνδύεσθαι
353 633 480 712 σῶμα...
504 627 719 714 παραπλήσιον
743 624 780 690 δὲ
800 625 943 719 λέγουσιν
966 627 1076 712 ὥσπερ
1099 625 1130 690 εἴ
1149 648 1194 714 τις

170 739 250 828 φαίη
278 741 332 827 τὴν
362 741 535 826 τεκτονικὴν
563 738 608 808 εὶς
630 736 744 806 celeb<
767 720 951 802 ἐνδύεσθαι·
982 737 1035 802 θεῖ
1052 738 1114 824 γὰρ
1138 737 1192 824 τὴν

167 850 229 936 ,clu
251 849 358 939 τέχνην
374 846 518 940 χρῆσθαι
534 851 599 918 τοῖς
619 850 776 934 ὀργάνοις,
800 850 856 936 τὴν
876 843 915 911 θὲ
937 850 1038 938 ψυχὴν
1062 855 1110 934 τῷ
1133 849 1193 912 σώ-

164 983 251 1046 μου.

255 1071 409 1137 Jemvoro
439 1082 554 1138 contre
583 1070 763 1152 Lcckium,
786 1070 842 1158 qui
870 1093 999 1136 emnem
1023 1073 1194 1138 veritatem

173 1183 457 1271 cognitionemque
479 1183 659 1250 oeensibus
675 1184 811 1272 repetiit,
828 1183 977 1250 veritates
993 1185 1193 1252 necessarias

167 1319 189 1362 e
211 1295 357 1362 sensibus
381 1293 490 1360 doceri
513 1307 619 1382 neget,
648 1317 714 1360 non
744 1317 836 1360 secus
866 1304 965 1380 etque
987 1295 1195 1381 Aristotelem

171 1406 373 1492 experientia
400 1404 530 1492 quidem
560 1405 636 1491 quid
666 1405 723 1470 fiat
753 1407 865 1484 docet,
888 1427 953 1470 non
977 1427 1054 1470 vero
1077 1407 1196 1493 aliquid

168 1517 260 1584 aliter
282 1540 317 1582 se
338 1516 458 1584 hebere
480 1540 546 1582 non
569 1537 672 1604 posse.
707 1517 774 1583 lem
798 1539 895 1604 supra
911 1515 1118 1600 ostendimus,
1143 1540 1197 1582 ne·

169 1629 345 1694 cessarium
367 1650 469 1714 aequo
492 1638 589 1715 etque
602 1627 813 1693 Aristotelem
836 1626 985 1692 delinisse
1009 1634 1120 1706 (ncuv.
1136 1649 1196 1694 ess.

169 1739 287 1821 111,t›,
311 1762 342 1825 p.
359 1739 456 1806 ecca.
481 1739 523 1805 cf.
546 1738 618 1804 libr.
635 1737 666 1816 Ι)
689 1748 845 1804 nostrum.

228 1849 284 1916 Sic
297 1847 485 1914 Aristoteles
496 1872 555 1934 per
565 1871 694 1914 sensum
707 1848 789 1914 scire
801 1848 999 1936 impossibile
1012 1871 1081 1916 esse
1094 1848 1198 1916 docet.

173 1957 271 2037 Quod
293 1958 473 2024 universale
497 1970 545 2022 cst
568 1970 601 2022 et
623 1959 657 2024 in
679 1958 839 2041 omnibus,
862 1958 895 2024 id
913 1958 983 2024 fieri
1006 1981 1070 2024 non
1090 1970 1197 2046 potest

172 2081 208 2136 ut
241 2067 415 2150 sentietur,
431 2057 433 2062 ¹
450 2067 543 2134 eliter
576 2089 641 2133 non
664 2054 749 2134 esset
777 2067 974 2148 universale,
1006 2089 1080 2132 nem
1108 2067 1197 2154 quod

174 2199 304 2266 semper
337 2191 386 2244 est
417 2188 450 2244 et
479 2177 613 2266 ubique,
642 2177 823 2244 universale
849 2199 921 2242 osse
950 2176 1098 2242 dicimus.
1126 2177 1201 2242 οόθὲ

172 2291 216 2354 δῖ’
235 2337 236 2340 ,
258 2287 443 2378 αἰσθήσεώς,
474 2288 558 2354 ἐστιν
590 2286 776 2354 ἐπίστασθαι
801 2334 810 2352 .
837 2335 844 2352 .
868 2338 905 2354 ..
941 2289 975 2352 τὸ
1002 2287 1039 2352 θὲ
1067 2286 1202 2352 καθόλου

62 2442 65 2452 .
176 2403 224 2467 καὶ
250 2401 301 2466 ἐπὶ
328 2405 418 2464 πᾶσιν
448 2399 601 2464 ἀδύνατον
628 2398 847 2464 αἰσθάνεσθαι.
882 2399 918 2466 οῦ
947 2399 1008 2486 γὰρ
1031 2399 1068 2463 ἂν
1091 2398 1130 2488 ἦν
1152 2423 1202 2464 κα-

177 2505 284 2574 θόλου.
329 2513 363 2572 τὸ
386 2510 435 2574 ἀεὶ
457 2511 504 2572 καὶ
531 2513 686 2598 πανταχοῦ
716 2509 853 2577 καθόλου
881 2511 984 2597 φαμὲν
1012 2509 1091 2576 εἶναι
1119 2511 1202 2579 anal.

176 2629 259 2706 post
282 2617 309 2701 Ι,
331 2617 383 2684 31.
418 2661 421 2666 -
947 2601 949 2605 ⁸

262 2728 365 2796 Libro
394 2740 509 2816 quarto
532 2733 596 2816 αθ
619 2731 662 2818 (p.
678 2731 780 2798 3431).
802 2731 895 2816 Ere.)
925 2755 1025 2820 quum
1054 2731 1203 2820 prebebi-

177 2842 256 2908 lium
268 2839 676 2930 doctrinemccmmendct,
688 2842 729 2910 de
740 2843 926 2912 Aristotelis
937 2837 1092 2928 νέυθοξῳι
1105 2841 1204 2909 verbe

175 2953 253 3018 fecit
271 2952 430 3042 illudque
464 2966 576 3019 censet
597 2953 765 3036 Aristoteli
795 2976 881 3038 esse,
908 2953 997 3042 quod
1030 2952 1106 3020 viris
1139 2973 1204 3023 me·

177 3083 260 3148 gnae
289 3062 491 3132 auctoritatis
520 3063 562 3130 sit
588 3076 756 3152 acceptum
787 3075 843 3130 sut
871 3064 1039 3130 hominum
1062 3061 1205 3130 multitu·

179 3171 255 3238 dini.
281 3173 494 3240 Aristotelem
514 3185 622 3240 eutem
638 3175 671 3243 iu
690 3175 805 3262 topicis
821 3185 914 3262 putet
928 3194 963 3242 se
977 3173 1204 3243 accomodans

129 3307 136 3321 ²
180 3281 384 3368 opinionibus
414 3284 581 3352 hominum
615 3297 779 3350 oratorum
807 3284 1088 3372 sophistarumque
1116 3304 1204 3354 more

180 3392 309 3478 (comme
323 3394 490 3477 fot'eae'ertt
504 3438 542 3490 .··
559 3395 583 3482 .)
606 3394 640 3462 id
662 3394 750 3482 quod
772 3395 971 3482 perstringit,
995 3395 1070 3484 qnia
1085 3397 1147 3460 hec
1169 3417 1205 3462 re

177 3502 211 3568 iu
246 3502 451 3590 opinionibus
484 3506 628 3594 acceptis
656 3504 862 3593 meximeque
890 3515 932 3572 ex
963 3518 1054 3594 perte
1076 3506 1201 3574 levibus
