2818 4160
542 123 753 190 ..29-

136 305 249 364 torem
278 317 350 362 esse
376 295 517 362 enixum.
563 292 745 371 ›Omnia⁴⁵)
769 315 810 358 ex
832 294 962 380 δυναμει
984 295 1079 382 liunt,
1104 295 1164 366 sed

135 433 257 500 κινησις
282 429 352 474 esse
380 407 477 474 debet
499 427 614 494 quaec
636 405 767 491 dovapee
788 405 829 470 ed
846 405 1006 493 lurprcrcr
1024 419 1161 477 moveat.

134 521 180 588 In
202 519 318 607 quibus
342 517 446 584 causis
469 516 496 582 ei
517 515 713 604 proceditur,
737 517 905 603 pervenies
927 514 969 582 cd
989 519 1023 581 τὸ
1038 525 1164 604 πρῶτον

134 629 324 720 ἐντελεχείᾳ.
376 629 439 694 Ite'
453 628 514 694 hee
541 627 675 693 notitiae
702 626 742 691 ed
764 627 905 714 primum
926 627 1019 694 illum
1043 627 1165 694 Aristo·

133 739 214 807 telis
232 749 390 806 motorem
406 737 554 805 ducunt«
572 775 614 787 —-
630 738 795 804 Thomssii
810 747 919 804 autem
936 737 1164 824 objectionem,

135 850 344 919 Aristotelem
373 873 439 916 non
465 872 507 916 ex
529 850 592 914 hoc
622 849 782 916 axiomate
812 849 899 938 quod
930 849 1035 916 omnis
1056 857 1164 914 motus

22 1049 25 1052 χ
137 961 335 1050 principium
357 961 399 1027 sit
421 970 514 1032 extra
536 983 668 1048 corpus,
696 984 811 1027 verum
833 983 874 1028 ex
896 962 976 1044 elio,
1005 985 1071 1027 non
1094 960 1164 1026 dari

39 1117 42 1124 ⁴
139 1095 330 1160 processum
358 1072 392 1138 in
419 1071 579 1138 inlinitum
607 1072 661 1156 (cf.
685 1074 806 1159 supra),
834 1071 1061 1137 ratiocinatum
1084 1093 1163 1154 esee,

138 1192 312 1270 praecavet
325 1182 517 1264 Leibnitius,
540 1205 639 1270 quum
655 1184 822 1271 utriusque
837 1184 1066 1268 conjunctione
1081 1205 1164 1272 opus

139 1316 212 1360 esee
239 1293 403 1375 ostendat,
433 1292 475 1358 cd
504 1294 627 1383 pullum
649 1295 735 1359 enim
757 1315 946 1380 processum
968 1293 1161 1378 veniremus,

142 1405 263 1471 nedum
291 1404 332 1470 ad
359 1404 518 1470 inlinitum
545 1405 606 1470 nisi
628 1406 867 1489 admitteretur,
895 1405 982 1494 quod
1005 1417 1162 1493 movetur,

140 1537 270 1584 oausam
293 1516 412 1582 habere
434 1526 541 1582 motus
563 1526 657 1581 extra
678 1538 723 1585 se.

224 1627 300 1693 Alia
327 1627 504 1695 Leibnitius
537 1629 685 1715 exponit,
716 1651 799 1717 quae
828 1629 996 1716 cognitum
1025 1650 1162 1718 perpen-

143 1761 279 1827 sumque
320 1761 394 1805 eum
431 1739 581 1805 habuisse
618 1739 826 1807 Aristotelem
863 1741 939 1806 satie
979 1740 1162 1809 ostendunt.

141 1849 351 1914 Aristotelem
379 1851 473 1916 affert
501 1849 640 1937 liguram
669 1849 910 1918 demonstrasse
936 1873 978 1917 ex
999 1862 1107 1938 motu3
1136 1863 1168 1920 et

145 1956 365 2024 definitionem
407 1961 560 2046 temporie
594 1962 832 2028 Aristotelicum
866 1962 1010 2029 defendit
1037 1964 1094 2043 (53
1109 1971 1162 2044 u).

148 2067 293 2156 Tempus
314 2067 395 2134 nihil
416 2068 502 2134 aliud
524 2078 572 2135 est
592 2092 689 2157 quam
712 2071 901 2159 magnitudo
924 2083 1032 2138 motus
1055 2096 1167 2160 quum-

148 2201 211 2267 que
228 2178 332 2248 omnis
346 2179 536 2270 magnitudo
553 2179 593 2246 sit
607 2203 759 2246 numerus
774 2181 923 2269 partium,
946 2182 1023 2270 quid
1040 2182 1167 2261 mirum,

142 2291 351 2360 Aristotelem
381 2291 530 2360 delinisse
559 2303 685 2382 tempus
712 2315 884 2361 numerum
905 2303 1022 2364 motus.
1068 2293 1168 2382 Phys.

146 2402 228 2485 VII,
245 2405 283 2468 11
307 2403 451 2492 putot.
490 2403 521 2470 ‘0
529 2406 648 2496 χρόνος
673 2404 811 2504 ἀριθμός
831 2405 897 2472 ἐστι
919 2407 1072 2497 κινήσεως
1092 2409 1169 2472 κατὰ

145 2513 179 2576 τὸ
207 2512 362 2600 πρότερον
392 2517 440 2578 καὶ
466 2517 500 2578 τὸ
530 2516 663 2604 ὕστερον
690 2517 780 2604 phys.
804 2516 909 2602 Vlll,
934 2520 962 2601 l,
989 2517 1046 2584 ubi
1073 2517 1168 2584 simul

145 2632 266 2690 motum
298 2633 490 2712 perpetuum
512 2647 582 2690 esse
611 2626 761 2713 intelligit
789 2629 817 2692 εὶ
837 2627 878 2718 δή
902 2628 984 2694 ἐστιν
1015 2629 1170 2720 ὁχρόνος

144 2736 296 2824 κινήσεως
321 2732 471 2822 ἀριθμός,
500 2733 520 2825 ἧ
549 2735 665 2824 κίνησίς
686 2761 732 2809 τις
760 2737 848 2826 εἴπερ
871 2740 920 2804 ἀεὶ
935 2739 1055 2831 χρόνος
1076 2739 1168 2821 ἐστιν,

145 2846 259 2936 ἀνάγκη
282 2848 332 2914 καὶ
352 2846 467 2937 κίνησιν
490 2847 589 2912 ἀῒδιον
613 2846 700 2912 εἶναι.
713 2884 757 2899 -
783 2847 954 2916 Postremo
976 2849 1168 2932 Leibuitiue,

146 2979 242 3044 quum
278 2959 513 3049 philosophiam
552 2959 809 3027 »reformatam«
843 2984 918 3026 cum
952 2959 1167 3044 Aristotelica,

148 3070 197 3136 cui
218 3070 378 3136 rationem
399 3071 659 3159 principiumque
680 3081 787 3137 motus
802 3071 835 3138 in
852 3093 951 3137 causo
965 3069 1055 3136 finali
1070 3069 1167 3139 situm

148 3201 213 3246 esse
236 3203 425 3268 persuasum
448 3190 506 3265 eet,
533 3180 769 3246 conciliandum
792 3203 863 3246 esse
885 3180 1069 3266 ostenderit,
1093 3203 1168 3247 con·

134 3290 250 3358 'firmat
271 3316 447 3381 numquam
469 3293 531 3358 uisi
554 3294 729 3360 constituta
750 3294 811 3359 hac
833 3293 1036 3384 philosophia
1056 3294 1167 3362 Atheie

148 3399 302 3490 Scepticie
335 3401 543 3472 Naturalistis
576 3404 677 3470 solide
710 3427 884 3472 occursum
916 3405 955 3473 iri
988 3405 1104 3492 (otc).
1125 3443 1169 3458 -

124 3700 126 3705 .
199 3628 237 3706 ι(Β)
256 3627 468 3698 Ττενᾶειοῃιιιιῑ.
486 3646 576 3685 comm.
595 3629 627 3683 de
643 3629 728 3682 anima
744 3647 770 3700 p.
789 3630 849 3687 tot
