<?xml version="1.0" encoding="UTF-8"?>
<!DOCTYPE html PUBLIC "-//W3C//DTD XHTML 1.0 Transitional//EN"
    "http://www.w3.org/TR/xhtml1/DTD/xhtml1-transitional.dtd">
<html xmlns="http://www.w3.org/1999/xhtml" xml:lang="en" lang="en">
 <head>
  <title>
</title>
<meta http-equiv="Content-Type" content="text/html;charset=utf-8" />
  <meta name='ocr-system' content='tesseract 3.04.00' />
  <meta name='ocr-capabilities' content='ocr_page ocr_carea ocr_par ocr_line ocrx_word'/>
</head>
<body>
  <div class='ocr_page' id='page_1' title='image "./deleibnitiistud00jacogoog_0061.png"; bbox 0 0 2818 4160; ppageno 0'>
   <div class='ocr_carea' id='block_1_1' title="bbox 585 159 798 224">
    <p class='ocr_par' dir='ltr' id='par_1_1' title="bbox 585 159 798 224">
     <span class='ocr_line' id='line_1_1' title="bbox 585 159 798 224; baseline 0.009 -18"><span class='ocrx_word' id='word_1_1' title='bbox 585 159 798 224; x_wconf 78' lang='lat'>-54..</span> 
     </span>
    </p>
   </div>
   <div class='ocr_carea' id='block_1_2' title="bbox 177 323 1268 3530">
    <p class='ocr_par' dir='ltr' id='par_1_2' title="bbox 177 323 1268 2083">
     <span class='ocr_line' id='line_1_2' title="bbox 184 323 1229 416; baseline 0 -22"><span class='ocrx_word' id='word_1_2' title='bbox 184 323 296 397; x_wconf 84' lang='lat' dir='ltr'><strong>finales</strong></span> <span class='ocrx_word' id='word_1_3' title='bbox 320 326 438 416; x_wconf 82' lang='lat' dir='ltr'><strong>diriget</strong></span> <span class='ocrx_word' id='word_1_4' title='bbox 460 327 525 396; x_wconf 89' lang='lat' dir='ltr'><strong>sint</strong></span> <span class='ocrx_word' id='word_1_5' title='bbox 547 327 665 396; x_wconf 88' lang='lat' dir='ltr'><strong>unitae.</strong></span> <span class='ocrx_word' id='word_1_6' title='bbox 711 329 772 396; x_wconf 93' lang='lat' dir='ltr'><strong>Illo</strong></span> <span class='ocrx_word' id='word_1_7' title='bbox 796 341 905 396; x_wconf 88' lang='lat' dir='ltr'><strong>eutem</strong></span> <span class='ocrx_word' id='word_1_8' title='bbox 932 328 1113 410; x_wconf 82' lang='lat' dir='ltr'><strong>axiomate,</strong></span> <span class='ocrx_word' id='word_1_9' title='bbox 1143 350 1229 394; x_wconf 88' lang='lat' dir='ltr'><strong>mo-</strong></span> 
     </span>
     <span class='ocr_line' id='line_1_3' title="bbox 185 437 1268 527; baseline -0.002 -22"><span class='ocrx_word' id='word_1_10' title='bbox 185 452 255 506; x_wconf 88' lang='lat' dir='ltr'><strong>tum</strong></span> <span class='ocrx_word' id='word_1_11' title='bbox 278 459 349 506; x_wconf 86' lang='lat' dir='ltr'><strong>esse</strong></span> <span class='ocrx_word' id='word_1_12' title='bbox 371 439 496 508; x_wconf 90' lang='lat' dir='ltr'><strong>nullum</strong></span> <span class='ocrx_word' id='word_1_13' title='bbox 520 441 699 506; x_wconf 89' lang='lat' dir='ltr'><strong>secundum</strong></span> <span class='ocrx_word' id='word_1_14' title='bbox 721 441 810 527; x_wconf 84' lang='lat' dir='ltr'><strong>leges</strong></span> <span class='ocrx_word' id='word_1_15' title='bbox 831 440 1051 521; x_wconf 82' lang='lat' dir='ltr'><strong>mechanicas,</strong></span> <span class='ocrx_word' id='word_1_16' title='bbox 1083 437 1125 504; x_wconf 89' lang='lat' dir='ltr'><strong>ad</strong></span> <span class='ocrx_word' id='word_1_17' title='bbox 1148 439 1229 526; x_wconf 83' lang='lat' dir='ltr'><strong>pri·</strong></span> <span class='ocrx_word' id='word_1_18' title='bbox 1265 458 1268 462; x_wconf 88' lang='lat'>·</span> 
     </span>
     <span class='ocr_line' id='line_1_4' title="bbox 190 549 1222 638; baseline -0.004 -20"><span class='ocrx_word' id='word_1_19' title='bbox 190 574 279 618; x_wconf 86' lang='lat' dir='ltr'><strong>mum</strong></span> <span class='ocrx_word' id='word_1_20' title='bbox 300 575 360 618; x_wconf 88' lang='lat' dir='ltr'><strong>nos</strong></span> <span class='ocrx_word' id='word_1_21' title='bbox 389 551 463 616; x_wconf 88' lang='lat' dir='ltr'><strong>duci</strong></span> <span class='ocrx_word' id='word_1_22' title='bbox 490 561 648 624; x_wconf 86' lang='lat' dir='ltr'><strong>motorem</strong></span> <span class='ocrx_word' id='word_1_23' title='bbox 676 551 873 632; x_wconf 87' lang='lat' dir='ltr'><strong>(Aristotelis</strong></span> <span class='ocrx_word' id='word_1_24' title='bbox 897 557 1022 638; x_wconf 79' lang='grc' dir='ltr'><em>πρῶτον</em></span> <span class='ocrx_word' id='word_1_25' title='bbox 1042 555 1143 616; x_wconf 73' lang='grc' dir='ltr'><em>κινοῦν</em></span> <span class='ocrx_word' id='word_1_26' title='bbox 1167 549 1222 616; x_wconf 81' lang='lat' dir='ltr'><strong>cf.</strong></span> 
     </span>
     <span class='ocr_line' id='line_1_5' title="bbox 185 661 1222 751; baseline 0.002 -25"><span class='ocrx_word' id='word_1_27' title='bbox 185 665 305 751; x_wconf 81' lang='lat' dir='ltr'><strong>supra).</strong></span> <span class='ocrx_word' id='word_1_28' title='bbox 339 661 454 749; x_wconf 77' lang='lat' dir='ltr'><strong>Itaque</strong></span> <span class='ocrx_word' id='word_1_29' title='bbox 477 685 576 749; x_wconf 90' lang='lat' dir='ltr'><strong>quum</strong></span> <span class='ocrx_word' id='word_1_30' title='bbox 599 661 633 728; x_wconf 86' lang='lat' dir='ltr'><strong>in</strong></span> <span class='ocrx_word' id='word_1_31' title='bbox 656 662 846 750; x_wconf 84' lang='lat' dir='ltr'><strong>corporibus</strong></span> <span class='ocrx_word' id='word_1_32' title='bbox 870 662 1000 750; x_wconf 89' lang='lat' dir='ltr'><strong>quidem</strong></span> <span class='ocrx_word' id='word_1_33' title='bbox 1023 663 1222 741; x_wconf 74' lang='lat' dir='ltr'><strong>omniamo-</strong></span> 
     </span>
     <span class='ocr_line' id='line_1_6' title="bbox 187 771 1221 861; baseline 0 -23"><span class='ocrx_word' id='word_1_34' title='bbox 187 773 320 842; x_wconf 84' lang='lat' dir='ltr'><strong>chsnice</strong></span> <span class='ocrx_word' id='word_1_35' title='bbox 342 772 412 838; x_wconf 89' lang='lat' dir='ltr'><strong>fieri</strong></span> <span class='ocrx_word' id='word_1_36' title='bbox 436 771 577 856; x_wconf 89' lang='lat' dir='ltr'><strong>doceret,</strong></span> <span class='ocrx_word' id='word_1_37' title='bbox 600 773 759 861; x_wconf 86' lang='lat' dir='ltr'><strong>principis</strong></span> <span class='ocrx_word' id='word_1_38' title='bbox 781 796 859 839; x_wconf 89' lang='lat' dir='ltr'><strong>vero</strong></span> <span class='ocrx_word' id='word_1_39' title='bbox 883 773 1092 838; x_wconf 88' lang='lat' dir='ltr'><strong>mechanismi</strong></span> <span class='ocrx_word' id='word_1_40' title='bbox 1108 795 1150 838; x_wconf 81' lang='lat' dir='ltr'><strong>ex</strong></span> <span class='ocrx_word' id='word_1_41' title='bbox 1165 773 1221 838; x_wconf 88' lang='lat' dir='ltr'><strong>al-</strong></span> 
     </span>
     <span class='ocr_line' id='line_1_7' title="bbox 186 883 1220 972; baseline -0.002 -22"><span class='ocrx_word' id='word_1_42' title='bbox 186 885 269 950; x_wconf 82' lang='lat' dir='ltr'>tiore</span> <span class='ocrx_word' id='word_1_43' title='bbox 290 884 380 950; x_wconf 85' lang='lat' dir='ltr'><strong>fonte</strong></span> <span class='ocrx_word' id='word_1_44' title='bbox 403 883 611 971; x_wconf 77' lang='lat' dir='ltr'><strong>profluerc²⁹)</strong></span> <span class='ocrx_word' id='word_1_45' title='bbox 636 884 727 972; x_wconf 87' lang='lat' dir='ltr'><strong>quia,</strong></span> <span class='ocrx_word' id='word_1_46' title='bbox 750 884 798 950; x_wconf 92' lang='lat' dir='ltr'><strong>uti</strong></span> <span class='ocrx_word' id='word_1_47' title='bbox 820 884 988 950; x_wconf 86' lang='lat' dir='ltr'><strong>Aristoteli</strong></span> <span class='ocrx_word' id='word_1_48' title='bbox 1018 884 1115 950; x_wconf 88' lang='lat' dir='ltr'><strong>etiem</strong></span> <span class='ocrx_word' id='word_1_49' title='bbox 1144 884 1220 972; x_wconf 83' lang='lat' dir='ltr'><strong>pla-</strong></span> 
     </span>
     <span class='ocr_line' id='line_1_8' title="bbox 185 994 1218 1084; baseline 0 -25"><span class='ocrx_word' id='word_1_50' title='bbox 185 995 259 1079; x_wconf 85' lang='lat' dir='ltr'><strong>cuit,</strong></span> <span class='ocrx_word' id='word_1_51' title='bbox 282 1019 334 1062; x_wconf 87' lang='lat' dir='ltr'><strong>res</strong></span> <span class='ocrx_word' id='word_1_52' title='bbox 357 1019 422 1060; x_wconf 89' lang='lat' dir='ltr'><strong>non</strong></span> <span class='ocrx_word' id='word_1_53' title='bbox 446 996 549 1061; x_wconf 84' lang='lat' dir='ltr'><strong>caeeis</strong></span> <span class='ocrx_word' id='word_1_54' title='bbox 573 996 694 1062; x_wconf 88' lang='lat' dir='ltr'><strong>viribus</strong></span> <span class='ocrx_word' id='word_1_55' title='bbox 711 996 966 1084; x_wconf 83' lang='lat' dir='ltr'><strong>necessitateque</strong></span> <span class='ocrx_word' id='word_1_56' title='bbox 981 994 1038 1060; x_wconf 89' lang='lat' dir='ltr'><strong>sed</strong></span> <span class='ocrx_word' id='word_1_57' title='bbox 1053 995 1118 1060; x_wconf 91' lang='lat' dir='ltr'><strong>fine</strong></span> <span class='ocrx_word' id='word_1_58' title='bbox 1136 1017 1218 1060; x_wconf 87' lang='lat' dir='ltr'><strong>con·</strong></span> 
     </span>
     <span class='ocr_line' id='line_1_9' title="bbox 186 1105 1213 1194; baseline -0.002 -22"><span class='ocrx_word' id='word_1_59' title='bbox 186 1107 324 1194; x_wconf 90' lang='lat' dir='ltr'><strong>silioque</strong></span> <span class='ocrx_word' id='word_1_60' title='bbox 347 1105 572 1194; x_wconf 78' lang='lat' dir='ltr'><strong>dirigerentur,</strong></span> <span class='ocrx_word' id='word_1_61' title='bbox 596 1107 805 1173; x_wconf 83' lang='lat' dir='ltr'><strong>Aristotelem</strong></span> <span class='ocrx_word' id='word_1_62' title='bbox 828 1106 1017 1172; x_wconf 79' lang='lat' dir='ltr'><strong>Democrito</strong></span> <span class='ocrx_word' id='word_1_63' title='bbox 1043 1115 1077 1170; x_wconf 89' lang='lat' dir='ltr'><strong>et</strong></span> <span class='ocrx_word' id='word_1_64' title='bbox 1098 1127 1213 1172; x_wconf 90' lang='lat' dir='ltr'><strong>recen·</strong></span> 
     </span>
     <span class='ocr_line' id='line_1_10' title="bbox 184 1216 1216 1306; baseline -0.003 -22"><span class='ocrx_word' id='word_1_65' title='bbox 184 1218 319 1284; x_wconf 90' lang='lat' dir='ltr'><strong>tioribus</strong></span> <span class='ocrx_word' id='word_1_66' title='bbox 343 1219 525 1304; x_wconf 73' lang='lat' dir='ltr'><strong>conjunxit,</strong></span> <span class='ocrx_word' id='word_1_67' title='bbox 549 1241 713 1306; x_wconf 89' lang='lat' dir='ltr'><strong>quumque</strong></span> <span class='ocrx_word' id='word_1_68' title='bbox 729 1217 872 1284; x_wconf 86' lang='lat' dir='ltr'><strong>omnium</strong></span> <span class='ocrx_word' id='word_1_69' title='bbox 889 1217 1075 1304; x_wconf 84' lang='lat' dir='ltr'><strong>disciplinas</strong></span> <span class='ocrx_word' id='word_1_70' title='bbox 1089 1216 1122 1282; x_wconf 92' lang='lat' dir='ltr'><strong>in</strong></span> <span class='ocrx_word' id='word_1_71' title='bbox 1139 1239 1216 1282; x_wconf 89' lang='lat' dir='ltr'><strong>cen·</strong></span> 
     </span>
     <span class='ocr_line' id='line_1_11' title="bbox 185 1327 1211 1416; baseline -0.003 -22"><span class='ocrx_word' id='word_1_72' title='bbox 185 1339 271 1398; x_wconf 83' lang='lat' dir='ltr'><strong>trum</strong></span> <span class='ocrx_word' id='word_1_73' title='bbox 300 1329 393 1416; x_wconf 73' lang='lat' dir='ltr'><strong>qu&#39;esi</strong></span> <span class='ocrx_word' id='word_1_74' title='bbox 421 1330 538 1412; x_wconf 90' lang='lat' dir='ltr'><strong>uniret,</strong></span> <span class='ocrx_word' id='word_1_75' title='bbox 566 1329 685 1396; x_wconf 88' lang='lat' dir='ltr'><strong>nullius</strong></span> <span class='ocrx_word' id='word_1_76' title='bbox 715 1328 894 1396; x_wconf 81' lang='lat' dir='ltr'><strong>doctrinam</strong></span> <span class='ocrx_word' id='word_1_77' title='bbox 924 1351 1058 1416; x_wconf 87' lang='lat' dir='ltr'><strong>prorsus</strong></span> <span class='ocrx_word' id='word_1_78' title='bbox 1089 1327 1211 1416; x_wconf 83' lang='lat' dir='ltr'><strong>rejecit,</strong></span> 
     </span>
     <span class='ocr_line' id='line_1_12' title="bbox 186 1439 1215 1531; baseline -0.002 -26"><span class='ocrx_word' id='word_1_79' title='bbox 186 1439 231 1506; x_wconf 88' lang='lat' dir='ltr'><strong>sio</strong></span> <span class='ocrx_word' id='word_1_80' title='bbox 256 1441 339 1508; x_wconf 85' lang='lat'>1698</span> <span class='ocrx_word' id='word_1_81' title='bbox 361 1441 525 1528; x_wconf 83' lang='lat' dir='ltr'><strong>Besnagio</strong></span> <span class='ocrx_word' id='word_1_82' title='bbox 548 1439 823 1531; x_wconf 80' lang='lat' dir='ltr'><strong>(p.-154b.Erd.)</strong></span> <span class='ocrx_word' id='word_1_83' title='bbox 850 1440 914 1504; x_wconf 76' lang='lat' dir='ltr'><strong>»les</strong></span> <span class='ocrx_word' id='word_1_84' title='bbox 922 1439 1215 1527; x_wconf 74' lang='lat' dir='ltr'><strong>philosopdesfor·</strong></span> 
     </span>
     <span class='ocr_line' id='line_1_13' title="bbox 185 1550 1213 1637; baseline -0.004 -19"><span class='ocrx_word' id='word_1_85' title='bbox 185 1552 330 1618; x_wconf 70' lang='lat' dir='ltr'><strong>malisse</strong></span> <span class='ocrx_word' id='word_1_86' title='bbox 347 1553 486 1618; x_wconf 71' lang='lat' dir='ltr'><strong>dirimeret</strong></span> <span class='ocrx_word' id='word_1_87' title='bbox 508 1552 553 1618; x_wconf 84' lang='lat' dir='ltr'><strong>les</strong></span> <span class='ocrx_word' id='word_1_88' title='bbox 575 1552 736 1618; x_wconf 79' lang='lat' dir='ltr'><strong>matdrs&#39;els</strong></span> <span class='ocrx_word' id='word_1_89' title='bbox 758 1576 799 1617; x_wconf 83' lang='lat' dir='ltr'><strong>ou</strong></span> <span class='ocrx_word' id='word_1_90' title='bbox 822 1551 1080 1637; x_wconf 74' lang='lat' dir='ltr'><strong>corpusculciree</strong></span> <span class='ocrx_word' id='word_1_91' title='bbox 1102 1563 1131 1615; x_wconf 86' lang='lat' dir='ltr'><strong>et</strong></span> <span class='ocrx_word' id='word_1_92' title='bbox 1146 1550 1213 1614; x_wconf 82' lang='lat' dir='ltr'><strong>vioe</strong></span> 
     </span>
     <span class='ocr_line' id='line_1_14' title="bbox 184 1661 1211 1746; baseline -0.002 -18"><span class='ocrx_word' id='word_1_93' title='bbox 184 1685 297 1738; x_wconf 62' lang='lat' dir='ltr'><strong>cerem</strong></span> <span class='ocrx_word' id='word_1_94' title='bbox 312 1712 320 1728; x_wconf 88' lang='lat'><em>.</em></span> <span class='ocrx_word' id='word_1_95' title='bbox 337 1710 369 1730; x_wconf 47' lang='lat' dir='ltr'><strong>s.</strong></span> <span class='ocrx_word' id='word_1_96' title='bbox 394 1667 437 1730; x_wconf 83' lang='lat' dir='ltr'><strong>les</strong></span> <span class='ocrx_word' id='word_1_97' title='bbox 458 1663 581 1746; x_wconf 81' lang='lat' dir='ltr'><strong>formes</strong></span> <span class='ocrx_word' id='word_1_98' title='bbox 603 1677 633 1727; x_wconf 85' lang='lat' dir='ltr'><strong>et</strong></span> <span class='ocrx_word' id='word_1_99' title='bbox 648 1662 828 1730; x_wconf 65' lang='lat' dir='ltr'><strong>entelechias</strong></span> <span class='ocrx_word' id='word_1_100' title='bbox 852 1661 1045 1732; x_wconf 69' lang='lat' dir='ltr'><strong>dArtstote.</strong></span> <span class='ocrx_word' id='word_1_101' title='bbox 1062 1714 1094 1732; x_wconf 83' lang='lat'><strong>..</strong></span> <span class='ocrx_word' id='word_1_102' title='bbox 1117 1675 1146 1726; x_wconf 85' lang='lat' dir='ltr'><strong>ct</strong></span> <span class='ocrx_word' id='word_1_103' title='bbox 1166 1684 1211 1726; x_wconf 87' lang='lat' dir='ltr'><strong>ce-</strong></span> 
     </span>
     <span class='ocr_line' id='line_1_15' title="bbox 177 1773 1265 1861; baseline -0.001 -22"><span class='ocrx_word' id='word_1_104' title='bbox 177 1773 327 1861; x_wconf 73' lang='lat' dir='ltr'><strong>peodarrt</strong></span> <span class='ocrx_word' id='word_1_105' title='bbox 346 1773 565 1857; x_wconf 64' lang='lat' dir='ltr'><strong>temptasses</strong></span> <span class='ocrx_word' id='word_1_106' title='bbox 586 1773 770 1858; x_wconf 69' lang='lat' dir='ltr'><strong>redeantque</strong></span> <span class='ocrx_word' id='word_1_107' title='bbox 792 1821 846 1842; x_wconf 87' lang='lat'><strong>...</strong></span> <span class='ocrx_word' id='word_1_108' title='bbox 874 1773 960 1838; x_wconf 79' lang='lat' dir='ltr'><strong>selon</strong></span> <span class='ocrx_word' id='word_1_109' title='bbox 981 1775 1161 1843; x_wconf 72' lang='lat' dir='ltr'><strong>Democrito</strong></span> <span class='ocrx_word' id='word_1_110' title='bbox 1182 1786 1211 1836; x_wconf 85' lang='lat' dir='ltr'><strong>et</strong></span> <span class='ocrx_word' id='word_1_111' title='bbox 1264 1835 1265 1838; x_wconf 74' lang='grc'>,</span> 
     </span>
     <span class='ocr_line' id='line_1_16' title="bbox 187 1882 1208 1952; baseline 0 -4"><span class='ocrx_word' id='word_1_112' title='bbox 187 1884 232 1948; x_wconf 81' lang='lat' dir='ltr'><strong>les</strong></span> <span class='ocrx_word' id='word_1_113' title='bbox 253 1882 422 1948; x_wconf 79' lang='lat' dir='ltr'><strong>Moderoes</strong></span> <span class='ocrx_word' id='word_1_114' title='bbox 451 1907 484 1948; x_wconf 83' lang='lat' dir='ltr'><strong>se</strong></span> <span class='ocrx_word' id='word_1_115' title='bbox 507 1896 650 1952; x_wconf 73' lang='lat' dir='ltr'><strong>trouvent</strong></span> <span class='ocrx_word' id='word_1_116' title='bbox 671 1885 798 1950; x_wconf 67' lang='lat' dir='ltr'><strong>renate</strong></span> <span class='ocrx_word' id='word_1_117' title='bbox 821 1907 934 1950; x_wconf 83' lang='lat' dir='ltr'><strong>comme</strong></span> <span class='ocrx_word' id='word_1_118' title='bbox 964 1883 1046 1948; x_wconf 77' lang='lat' dir='ltr'><strong>daos</strong></span> <span class='ocrx_word' id='word_1_119' title='bbox 1074 1907 1119 1949; x_wconf 80' lang='lat' dir='ltr'><strong>aa</strong></span> <span class='ocrx_word' id='word_1_120' title='bbox 1146 1906 1208 1948; x_wconf 73' lang='lat' dir='ltr'><strong>cere</strong></span> 
     </span>
     <span class='ocr_line' id='line_1_17' title="bbox 187 1995 611 2083; baseline -0.009 -21"><span class='ocrx_word' id='word_1_121' title='bbox 187 2009 234 2062; x_wconf 83' lang='lat' dir='ltr'><strong>tre</strong></span> <span class='ocrx_word' id='word_1_122' title='bbox 256 1995 296 2062; x_wconf 83' lang='lat' dir='ltr'><strong>de</strong></span> <span class='ocrx_word' id='word_1_123' title='bbox 310 1997 513 2083; x_wconf 77' lang='lat' dir='ltr'><strong>perspectiva</strong></span> <span class='ocrx_word' id='word_1_124' title='bbox 536 2023 611 2063; x_wconf 76' lang='lat' dir='ltr'><strong>...e</strong></span> 
     </span>
    </p>

    <p class='ocr_par' dir='ltr' id='par_1_3' title="bbox 183 2107 1209 3530">
     <span class='ocr_line' id='line_1_18' title="bbox 271 2107 1209 2194; baseline -0.004 -18"><span class='ocrx_word' id='word_1_125' title='bbox 271 2109 396 2176; x_wconf 78' lang='lat' dir='ltr'><strong>Eadem</strong></span> <span class='ocrx_word' id='word_1_126' title='bbox 419 2123 527 2176; x_wconf 90' lang='lat' dir='ltr'><strong>mente</strong></span> <span class='ocrx_word' id='word_1_127' title='bbox 549 2111 582 2176; x_wconf 85' lang='lat' dir='ltr'><strong>in</strong></span> <span class='ocrx_word' id='word_1_128' title='bbox 598 2109 831 2176; x_wconf 84' lang='lat' dir='ltr'><strong>dissertatione</strong></span> <span class='ocrx_word' id='word_1_129' title='bbox 854 2108 893 2174; x_wconf 89' lang='lat' dir='ltr'><strong>de</strong></span> <span class='ocrx_word' id='word_1_130' title='bbox 912 2109 983 2194; x_wconf 83' lang='lat' dir='ltr'><strong>ipss</strong></span> <span class='ocrx_word' id='word_1_131' title='bbox 996 2118 1112 2174; x_wconf 87' lang='lat' dir='ltr'><strong>nature</strong></span> <span class='ocrx_word' id='word_1_132' title='bbox 1129 2107 1209 2176; x_wconf 82' lang='lat'>1698</span> 
     </span>
     <span class='ocr_line' id='line_1_19' title="bbox 184 2203 1208 2309; baseline -0.007 -21"><span class='ocrx_word' id='word_1_133' title='bbox 184 2222 306 2309; x_wconf 80' lang='lat' dir='ltr'><strong>scripta</strong></span> <span class='ocrx_word' id='word_1_134' title='bbox 328 2203 404 2308; x_wconf 57' lang='lat' dir='ltr'><strong>agi,</strong></span> <span class='ocrx_word' id='word_1_135' title='bbox 416 2231 453 2286; x_wconf 92' lang='lat' dir='ltr'><strong>ut</strong></span> <span class='ocrx_word' id='word_1_136' title='bbox 474 2231 628 2309; x_wconf 83' lang='lat' dir='ltr'><strong>appareat</strong></span> <span class='ocrx_word' id='word_1_137' title='bbox 652 2233 809 2305; x_wconf 75' lang='lat' dir='ltr'><strong>»systema</strong></span> <span class='ocrx_word' id='word_1_138' title='bbox 823 2218 1050 2304; x_wconf 73' lang='lat' dir='ltr'><strong>philosophiae</strong></span> <span class='ocrx_word' id='word_1_139' title='bbox 1067 2215 1208 2284; x_wconf 78' lang='lat' dir='ltr'><strong>emende-</strong></span> 
     </span>
     <span class='ocr_line' id='line_1_20' title="bbox 186 2328 1205 2416; baseline -0.003 -19"><span class='ocrx_word' id='word_1_140' title='bbox 186 2346 253 2397; x_wconf 82' lang='lat' dir='ltr'><strong>tem</strong></span> <span class='ocrx_word' id='word_1_141' title='bbox 274 2333 370 2396; x_wconf 78' lang='lat' dir='ltr'><strong>acaci</strong></span> <span class='ocrx_word' id='word_1_142' title='bbox 384 2331 508 2395; x_wconf 75' lang='lat' dir='ltr'><strong>medies</strong></span> <span class='ocrx_word' id='word_1_143' title='bbox 531 2332 614 2394; x_wconf 79' lang='lat' dir='ltr'><strong>inter</strong></span> <span class='ocrx_word' id='word_1_144' title='bbox 629 2329 803 2416; x_wconf 82' lang='lat' dir='ltr'><strong>formalem</strong></span> <span class='ocrx_word' id='word_1_145' title='bbox 826 2343 856 2394; x_wconf 85' lang='lat' dir='ltr'><strong>et</strong></span> <span class='ocrx_word' id='word_1_146' title='bbox 876 2330 1086 2394; x_wconf 78' lang='lat' dir='ltr'><strong>materiarum</strong></span> <span class='ocrx_word' id='word_1_147' title='bbox 1102 2328 1205 2414; x_wconf 74' lang='lat' dir='ltr'><strong>phito-</strong></span> 
     </span>
     <span class='ocr_line' id='line_1_21' title="bbox 183 2440 1206 2528; baseline -0.001 -23"><span class='ocrx_word' id='word_1_148' title='bbox 183 2441 326 2526; x_wconf 74' lang='lat' dir='ltr'><strong>septies,</strong></span> <span class='ocrx_word' id='word_1_149' title='bbox 349 2441 517 2523; x_wconf 77' lang='lat' dir='ltr'><strong>conjuncte</strong></span> <span class='ocrx_word' id='word_1_150' title='bbox 542 2455 731 2526; x_wconf 80' lang='lat' dir='ltr'><strong>servatoque</strong></span> <span class='ocrx_word' id='word_1_151' title='bbox 757 2442 819 2504; x_wconf 81' lang='lat' dir='ltr'><strong>rite</strong></span> <span class='ocrx_word' id='word_1_152' title='bbox 848 2453 984 2526; x_wconf 77' lang='lat' dir='ltr'><strong>atraque</strong></span> <span class='ocrx_word' id='word_1_153' title='bbox 1013 2442 1057 2528; x_wconf 85' lang='lat' dir='ltr'><strong>(p.</strong></span> <span class='ocrx_word' id='word_1_154' title='bbox 1076 2441 1139 2506; x_wconf 84' lang='lat'><strong>160</strong></span> <span class='ocrx_word' id='word_1_155' title='bbox 1165 2440 1206 2522; x_wconf 84' lang='lat' dir='ltr'><strong>b.)</strong></span> 
     </span>
     <span class='ocr_line' id='line_1_22' title="bbox 184 2549 1208 2639; baseline -0.007 -19"><span class='ocrx_word' id='word_1_156' title='bbox 184 2550 309 2620; x_wconf 86' lang='lat' dir='ltr'><strong>Ibidem</strong></span> <span class='ocrx_word' id='word_1_157' title='bbox 331 2550 526 2635; x_wconf 84' lang='lat' dir='ltr'><strong>Aristotelis,</strong></span> <span class='ocrx_word' id='word_1_158' title='bbox 548 2549 597 2616; x_wconf 85' lang='lat' dir='ltr'><strong>de.</strong></span> <span class='ocrx_word' id='word_1_159' title='bbox 612 2575 675 2639; x_wconf 90' lang='lat' dir='ltr'><strong>quo</strong></span> <span class='ocrx_word' id='word_1_160' title='bbox 699 2551 777 2618; x_wconf 89' lang='lat' dir='ltr'><strong>dicit</strong></span> <span class='ocrx_word' id='word_1_161' title='bbox 799 2552 858 2618; x_wconf 86' lang='lat' dir='ltr'><strong>ita:</strong></span> <span class='ocrx_word' id='word_1_162' title='bbox 905 2550 1120 2636; x_wconf 73' lang='lat' dir='ltr'><strong>»profundior</strong></span> <span class='ocrx_word' id='word_1_163' title='bbox 1142 2573 1208 2616; x_wconf 79' lang='lat' dir='ltr'><strong>mea</strong></span> 
     </span>
     <span class='ocr_line' id='line_1_23' title="bbox 183 2662 1206 2750; baseline 0 -22"><span class='ocrx_word' id='word_1_164' title='bbox 183 2664 340 2728; x_wconf 70' lang='lat' dir='ltr'><strong>sententia</strong></span> <span class='ocrx_word' id='word_1_165' title='bbox 362 2685 456 2748; x_wconf 82' lang='lat' dir='ltr'><strong>quam</strong></span> <span class='ocrx_word' id='word_1_166' title='bbox 476 2664 729 2750; x_wconf 57' lang='lat' dir='ltr'><strong>multipotens«</strong></span> <span class='ocrx_word' id='word_1_167' title='bbox 755 2664 869 2750; x_wconf 68' lang='lat' dir='ltr'><strong>(pnes</strong></span> <span class='ocrx_word' id='word_1_168' title='bbox 882 2663 910 2730; x_wconf 93' lang='lat' dir='ltr'><strong>b.</strong></span> <span class='ocrx_word' id='word_1_169' title='bbox 923 2663 988 2748; x_wconf 81' lang='lat' dir='ltr'><strong>ib).</strong></span> <span class='ocrx_word' id='word_1_170' title='bbox 995 2662 1206 2730; x_wconf 87' lang='lat' dir='ltr'><strong>definitionem</strong></span> 
     </span>
     <span class='ocr_line' id='line_1_24' title="bbox 184 2772 1205 2861; baseline -0.003 -21"><span class='ocrx_word' id='word_1_171' title='bbox 184 2783 291 2842; x_wconf 88' lang='lat' dir='ltr'><strong>motus</strong></span> <span class='ocrx_word' id='word_1_172' title='bbox 313 2785 427 2839; x_wconf 88' lang='lat' dir='ltr'><strong>contre</strong></span> <span class='ocrx_word' id='word_1_173' title='bbox 449 2796 504 2840; x_wconf 88' lang='lat' dir='ltr'><strong>eos</strong></span> <span class='ocrx_word' id='word_1_174' title='bbox 527 2773 672 2840; x_wconf 82' lang='lat' dir='ltr'><strong>defendit</strong></span> <span class='ocrx_word' id='word_1_175' title='bbox 694 2775 749 2860; x_wconf 89' lang='lat' dir='ltr'><strong>qui</strong></span> <span class='ocrx_word' id='word_1_176' title='bbox 771 2785 935 2860; x_wconf 80' lang='lat' dir='ltr'><strong>tamquam</strong></span> <span class='ocrx_word' id='word_1_177' title='bbox 958 2774 1100 2861; x_wconf 82' lang='lat' dir='ltr'><strong>ineptam</strong></span> <span class='ocrx_word' id='word_1_178' title='bbox 1122 2772 1205 2838; x_wconf 87' lang='lat' dir='ltr'><strong>illam</strong></span> 
     </span>
     <span class='ocr_line' id='line_1_25' title="bbox 185 2886 1205 2955; baseline -0.002 -1"><span class='ocrx_word' id='word_1_179' title='bbox 185 2887 376 2955; x_wconf 80' lang='lat' dir='ltr'><strong>refutarunt.</strong></span> <span class='ocrx_word' id='word_1_180' title='bbox 409 2886 619 2952; x_wconf 76' lang='lat' dir='ltr'><strong>Aristotelem</strong></span> <span class='ocrx_word' id='word_1_181' title='bbox 635 2887 720 2952; x_wconf 88' lang='lat' dir='ltr'><strong>enim</strong></span> <span class='ocrx_word' id='word_1_182' title='bbox 735 2910 801 2952; x_wconf 92' lang='lat' dir='ltr'><strong>non</strong></span> <span class='ocrx_word' id='word_1_183' title='bbox 819 2887 923 2954; x_wconf 89' lang='lat' dir='ltr'><strong>solum</strong></span> <span class='ocrx_word' id='word_1_184' title='bbox 940 2890 1062 2954; x_wconf 84' lang='lat' dir='ltr'><strong>motum</strong></span> <span class='ocrx_word' id='word_1_185' title='bbox 1073 2887 1205 2954; x_wconf 80' lang='lat' dir='ltr'><strong>localem</strong></span> 
     </span>
     <span class='ocr_line' id='line_1_26' title="bbox 186 2995 1203 3086; baseline 0 -24"><span class='ocrx_word' id='word_1_186' title='bbox 186 2997 244 3064; x_wconf 87' lang='lat' dir='ltr'><strong>sed</strong></span> <span class='ocrx_word' id='word_1_187' title='bbox 273 2997 466 3086; x_wconf 85' lang='lat' dir='ltr'><strong>generaliter</strong></span> <span class='ocrx_word' id='word_1_188' title='bbox 496 2995 708 3062; x_wconf 81' lang='lat' dir='ltr'><strong>mutationem</strong></span> <span class='ocrx_word' id='word_1_189' title='bbox 744 2997 956 3082; x_wconf 79' lang='lat' dir='ltr'><strong>intellexisse,</strong></span> <span class='ocrx_word' id='word_1_190' title='bbox 993 3000 1048 3078; x_wconf 84' lang='lat' dir='ltr'><strong>(cf.</strong></span> <span class='ocrx_word' id='word_1_191' title='bbox 1086 2995 1203 3085; x_wconf 86' lang='lat' dir='ltr'><strong>supra.)</strong></span> 
     </span>
     <span class='ocr_line' id='line_1_27' title="bbox 185 3106 1205 3176; baseline -0.001 -1"><span class='ocrx_word' id='word_1_192' title='bbox 185 3109 269 3175; x_wconf 92' lang='lat' dir='ltr'><strong>Item</strong></span> <span class='ocrx_word' id='word_1_193' title='bbox 285 3106 505 3174; x_wconf 88' lang='lat' dir='ltr'><strong>definitionem</strong></span> <span class='ocrx_word' id='word_1_194' title='bbox 526 3106 614 3173; x_wconf 85' lang='lat' dir='ltr'><strong>illem</strong></span> <span class='ocrx_word' id='word_1_195' title='bbox 630 3107 812 3176; x_wconf 89' lang='lat' dir='ltr'><strong>Aristotclis</strong></span> <span class='ocrx_word' id='word_1_196' title='bbox 829 3107 1205 3176; x_wconf 79' lang='lat' dir='ltr'><strong>contreLockium1704</strong></span> 
     </span>
     <span class='ocr_line' id='line_1_28' title="bbox 187 3216 1206 3308; baseline -0.004 -20"><span class='ocrx_word' id='word_1_197' title='bbox 187 3229 296 3288; x_wconf 85' lang='lat' dir='ltr'><strong>tuetur</strong></span> <span class='ocrx_word' id='word_1_198' title='bbox 318 3219 373 3305; x_wconf 91' lang='lat' dir='ltr'><strong>qui</strong></span> <span class='ocrx_word' id='word_1_199' title='bbox 391 3216 564 3286; x_wconf 78' lang='lat' dir='ltr'><strong>absurdam</strong></span> <span class='ocrx_word' id='word_1_200' title='bbox 580 3241 651 3284; x_wconf 85' lang='lat' dir='ltr'><strong>cem</strong></span> <span class='ocrx_word' id='word_1_201' title='bbox 670 3219 778 3304; x_wconf 85' lang='lat' dir='ltr'><strong>irrisit,</strong></span> <span class='ocrx_word' id='word_1_202' title='bbox 795 3244 894 3308; x_wconf 89' lang='lat' dir='ltr'><strong>quum</strong></span> <span class='ocrx_word' id='word_1_203' title='bbox 910 3244 1025 3308; x_wconf 78' lang='grc' dir='ltr'><em>κινησις</em></span> <span class='ocrx_word' id='word_1_204' title='bbox 1042 3219 1206 3287; x_wconf 82' lang='lat' dir='ltr'><strong>Aristoteli</strong></span> 
     </span>
     <span class='ocr_line' id='line_1_29' title="bbox 187 3329 1202 3418; baseline -0.002 -22"><span class='ocrx_word' id='word_1_205' title='bbox 187 3329 275 3396; x_wconf 81' lang='lat' dir='ltr'><strong>houd</strong></span> <span class='ocrx_word' id='word_1_206' title='bbox 298 3329 339 3396; x_wconf 91' lang='lat' dir='ltr'><strong>sit</strong></span> <span class='ocrx_word' id='word_1_207' title='bbox 360 3341 477 3410; x_wconf 85' lang='lat' dir='ltr'><strong>motus,</strong></span> <span class='ocrx_word' id='word_1_208' title='bbox 502 3334 612 3418; x_wconf 83' lang='lat' dir='ltr'><strong>(quem</strong></span> <span class='ocrx_word' id='word_1_209' title='bbox 626 3333 794 3398; x_wconf 86' lang='lat' dir='ltr'><strong>Aristoteli</strong></span> <span class='ocrx_word' id='word_1_210' title='bbox 817 3353 888 3397; x_wconf 88' lang='lat' dir='ltr'><strong>esse</strong></span> <span class='ocrx_word' id='word_1_211' title='bbox 914 3355 1018 3418; x_wconf 81' lang='grc' dir='ltr'><em>φοραν</em></span> <span class='ocrx_word' id='word_1_212' title='bbox 1044 3331 1202 3408; x_wconf 83' lang='lat' dir='ltr'><strong>lationem)</strong></span> 
     </span>
     <span class='ocr_line' id='line_1_30' title="bbox 187 3439 1201 3530; baseline 0.001 -25"><span class='ocrx_word' id='word_1_213' title='bbox 187 3439 245 3506; x_wconf 87' lang='lat' dir='ltr'><strong>sed</strong></span> <span class='ocrx_word' id='word_1_214' title='bbox 267 3440 413 3524; x_wconf 88' lang='lat' dir='ltr'><strong>mutatio,</strong></span> <span class='ocrx_word' id='word_1_215' title='bbox 437 3463 533 3530; x_wconf 87' lang='lat' dir='ltr'><strong>quem</strong></span> <span class='ocrx_word' id='word_1_216' title='bbox 557 3443 599 3510; x_wconf 91' lang='lat' dir='ltr'><strong>ob</strong></span> <span class='ocrx_word' id='word_1_217' title='bbox 621 3465 690 3508; x_wconf 89' lang='lat' dir='ltr'><strong>rem</strong></span> <span class='ocrx_word' id='word_1_218' title='bbox 711 3441 928 3508; x_wconf 88' lang='lat' dir='ltr'><strong>definitionem</strong></span> <span class='ocrx_word' id='word_1_219' title='bbox 951 3443 1018 3528; x_wconf 80' lang='lat' dir='ltr'><strong>ejus</strong></span> <span class='ocrx_word' id='word_1_220' title='bbox 1041 3439 1122 3514; x_wconf 85' lang='lat' dir='ltr'><strong>adeo</strong></span> <span class='ocrx_word' id='word_1_221' title='bbox 1139 3461 1201 3508; x_wconf 87' lang='lat' dir='ltr'><strong>esse</strong></span> 
     </span>
    </p>
   </div>
   <div class='ocr_carea' id='block_1_3' title="bbox 207 3673 753 3744">
    <p class='ocr_par' dir='ltr' id='par_1_4' title="bbox 207 3673 753 3744">
     <span class='ocr_line' id='line_1_31' title="bbox 207 3673 753 3744; baseline 0.002 -19"><span class='ocrx_word' id='word_1_222' title='bbox 207 3677 210 3684; x_wconf 82' lang='grc'><em>’</em></span> <span class='ocrx_word' id='word_1_223' title='bbox 254 3675 291 3744; x_wconf 70' lang='lat'><strong>²⁹)</strong></span> <span class='ocrx_word' id='word_1_224' title='bbox 309 3676 342 3728; x_wconf 70' lang='lat' dir='ltr'><strong>ed</strong></span> <span class='ocrx_word' id='word_1_225' title='bbox 358 3676 540 3730; x_wconf 75' lang='lat' dir='ltr'><strong>Hoffmamum</strong></span> <span class='ocrx_word' id='word_1_226' title='bbox 557 3675 633 3730; x_wconf 79' lang='lat'><strong>1699.</strong></span> <span class='ocrx_word' id='word_1_227' title='bbox 649 3691 674 3741; x_wconf 82' lang='lat' dir='ltr'><strong>p.</strong></span> <span class='ocrx_word' id='word_1_228' title='bbox 696 3673 753 3728; x_wconf 80' lang='grc'><strong>161.</strong></span> 
     </span>
    </p>
   </div>
   <div class='ocr_carea' id='block_1_4' title="bbox 0 0 1417 4160">
    <p class='ocr_par' dir='ltr' id='par_1_5' title="bbox 0 0 1417 4160">
     <span class='ocr_line' id='line_1_32' title="bbox 0 0 1417 4160; baseline 0 0"><span class='ocrx_word' id='word_1_229' title='bbox 0 0 1417 4160; x_wconf 95' lang='lat' dir='ltr'><strong> </strong></span> 
     </span>
    </p>
   </div>
  </div>
 </body>
</html>
