2818 4160
580 186 794 252 ...65-

172 359 320 446 tiarnque
343 357 515 445 conjuncta
536 378 644 422 rarum
672 366 808 422 naturae
836 356 951 423 inesse.
999 356 1082 437 »Qui
1110 357 1204 445 justi-

175 469 257 536 tiam
285 467 467 534 transiliens
490 467 623 532 definiet
646 467 792 534 habitum
815 468 1048 556 aequabilitatis
1064 469 1204 536 efficien-

63 630 69 637 ·
169 593 239 648 tem
263 589 321 646 sut
344 579 439 667 aequi
462 579 709 662 distributivum,
732 590 863 664 peccat,
886 579 1024 646 transilit
1051 579 1205 644 virtutem

171 704 243 779 top.
261 692 321 769 VI,
345 691 376 770 5,
408 715 440 778 p.
458 692 520 758 143
532 714 560 756 a.
595 690 638 757 ἔτι
669 692 696 756 εί
723 693 921 780 ὑπερβαίνειν
950 691 1032 775 λέγει
1061 692 1098 754 τὰ
1130 689 1204 779 γένη

174 804 285 868 οἷονό
314 805 370 892 τὴν
400 802 597 890 δικαιοσύνην
619 803 682 876 ἕξιν
705 803 849 890 ἰσότητος
876 804 1030 892 ποιητικὴν
1058 801 1077 891 ἢ
1106 801 1204 866 drave-

174 915 305 1003 ἀρσινην
332 917 386 978 τοῦ
415 911 499 978 ίσοο·
530 913 711 1001 ὑπερβαίνει
732 915 793 1000 γὰρ
815 913 918 985 οὕτως
946 914 1129 1002 ὁριζόμενος
1150 915 1205 1003 την

171 1027 302 1115 ἀρετήν.
327 1063 368 1074 —-

263 1134 309 1199 Et
325 1134 533 1201 Aristotelem
557 1134 686 1223 quidem
710 1133 931 1200 definitionem
956 1135 1119 1223 duplicem
1141 1145 1202 1200 sta·

178 1257 321 1312 tuentem
345 1255 473 1312 secutus
496 1245 674 1312 Leibnitius
698 1246 866 1333 distinguit
888 1247 971 1312 inter
1000 1245 1202 1312 definitiones

174 1357 380 1439 nominalem,
405 1378 487 1444 quae
508 1367 601 1422 notas
624 1367 748 1422 tanturn
764 1357 811 1421 rei
827 1357 867 1421 ab
883 1357 953 1422 aliis
969 1355 1201 1422 discernendae

177 1470 327 1538 continet
349 1489 405 1533 seu
428 1469 626 1532 enumeratio
650 1476 700 1531 est
715 1477 866 1531 notarum
883 1466 926 1548 (n.
942 1465 1040 1530 essais
1057 1466 1119 1531 III.
1135 1466 1156 1530 3
1171 1489 1202 1552 p.

174 1581 257 1664 3063
281 1579 323 1647 cf.
346 1577 455 1647 medit.
478 1577 518 1643 de
541 1599 635 1663 cogn.
665 1601 695 1662 p.
711 1577 754 1642 80
767 1575 813 1655 b.)
843 1585 876 1640 et
902 1574 1037 1656 realem,
1067 1597 1108 1639 ex
1139 1598 1204 1663 qua

178 1712 249 1756 rem
263 1689 427 1756 delinitam
439 1712 509 1755 esse
520 1686 704 1776 possibilem
718 1685 952 1773 cognoscimus.
987 1685 1205 1752 Definitiones

177 1813 288 1868 autem
309 1802 447 1867 nominis
469 1825 533 1868 non
565 1801 728 1868 sufficiunt
754 1800 795 1866 ad
823 1800 997 1888 perfectam
1027 1799 1204 1884 scientiam,

178 1912 240 1977 nisi
270 1935 339 1978 rem
367 1935 437 1976 esse
466 1912 651 1998 possibilem
681 1911 810 1976 aliunde
839 1920 973 1976 constat.
1018 1909 1205 1976 Aristotelis

183 2022 328 2086 definitio
351 2022 577 2099 nominalis
606 2023 761 2108 explicat,
792 2023 870 2108 quid
899 2023 1058 2108 significet
1086 2046 1204 2089 nomen

187 2154 245 2198 seu
268 2131 369 2198 oratio
385 2132 485 2198 veluti
508 2131 585 2220 quid
608 2133 769 2220 significet
789 2133 995 2220 triangulum.
1038 2132 1104 2198 Sed
1128 2154 1205 2196 vera

184 2241 330 2310 delinitio
351 2241 385 2308 iu
407 2243 494 2330 ipsas
516 2262 665 2310 causas
688 2242 820 2330 inquirit
840 2265 901 2308 nec
924 2243 1026 2308 solum
1049 2265 1117 2308 rem
1133 2265 1204 2308 esse

180 2353 325 2442 quidque
349 2378 400 2420 res
424 2353 479 2435 sit,
503 2364 539 2420 ut
560 2354 717 2442 plurimae
740 2353 897 2437 indicant,
926 2353 981 2420 sed
1009 2353 1103 2420 etiam
1134 2375 1203 2420 cur

183 2483 236 2528 res
258 2465 300 2528 sit
322 2465 491 2530 ostendere
513 2465 618 2533 debet.
655 2466 776 2554 Jteque
794 2467 849 2554 qui
865 2466 934 2531 solo
951 2466 1080 2532 nomine
1096 2466 1203 2532 reddit

179 2573 356 2656 rationem,
386 2597 459 2640 eum
489 2576 534 2640 rei
565 2575 783 2642 definitionem
819 2599 884 2642 non
917 2576 1052 2642 reddere
1086 2577 1205 2666 liquet3

184 2685 382 2772 triangulum
405 2709 478 2750 cum
502 2686 620 2753 scimus
635 2711 713 2770 csse,
730 2689 911 2776 quaerimus
928 2711 984 2752 cur
1001 2689 1056 2753 sit:
1071 2689 1204 2773 Analyt.

182 2806 264 2884 post.
278 2797 325 2865 II.
351 2799 400 2864 10.
430 2821 462 2884 p.
488 2799 538 2865 93.
553 2799 584 2866 b.
637 2781 768 2886 ὁρισμός
789 2800 822 2864 d’
845 2799 951 2888 ἐπειδὴ
980 2801 1101 2884 λέγεται
1131 2799 1207 2862 εἶναι

179 2909 275 2993 λόγος
295 2913 349 2974 τοῦ
373 2910 402 2975 τί
421 2909 508 2975 ἔσται
530 2913 669 2998 φανερὸν
691 2913 737 2976 ότι
759 2913 777 2976 ό
797 2911 856 2997 μέν
878 2935 924 2982 τις
944 2909 1031 2975 ἔσται
1046 2910 1140 2992 λόγος
1153 2911 1207 2970 τοῦ
1258 2964 1260 2968 .

183 3043 210 3082 τι
232 3021 429 3108 σηραίνειπὸ
453 3021 552 3106 ὄνομα
573 3022 593 3110 ἢ
613 3023 706 3106 λόγος
728 3023 839 3108 ἕτερος
859 3021 1123 3106 όνοροτώόης
1144 3019 1208 3082 οἷον

186 3129 222 3192 τό
244 3153 271 3193 τι
293 3132 434 3218 σημαίνει
455 3179 487 3196 ..
510 3134 530 3222 ἢ
553 3132 712 3218 τρίγωνον.
750 3131 799 3200 Ol.
823 3132 863 3197 de
885 3131 993 3196 anima
1015 3129 1059 3194 II.
1076 3131 1106 3196 2.
1130 3135 1157 3208 ἐ.
1179 3134 1208 3194 1.

183 3239 221 3302 οὐ
247 3241 344 3325 μόνον
372 3247 405 3308 τὸ
433 3245 454 3307 ό
459 3268 491 3308 τι
514 3243 566 3308 dei
589 3246 642 3308 τὸν
665 3245 817 3330 όριστικὸν
844 3244 935 3327 λόγον
961 3243 1074 3330 όηλοῦν
1097 3242 1207 3328 ὥσπερ

185 3352 216 3414 οί
244 3353 378 3417 πλεῖστοι
405 3359 467 3418 τῶν
499 3356 585 3440 όριον
617 3353 776 3438 λέγουσιν,
812 3355 889 3417 ἀλλὰ
924 3355 972 3416 καὶ
1003 3354 1056 3442 την
1084 3353 1209 3416 αἰτίαν

187 3459 372 3551 ἐνυπάρχειν
394 3466 442 3527 καὶ
464 3461 679 3550 ἐμφαίνεσθαι.
703 3501 744 3512 —-
759 3461 844 3528 Ὅσοι
866 3462 899 3527 d'
923 3464 1067 3528 ὁπωσοῦν
1083 3464 1210 3549 όνόροιτι

186 3573 242 3662 τὴν
265 3572 415 3636 ἀπόδοσιν
438 3577 602 3654 ποιοῦνται,
625 3575 719 3664 δῆλον
749 3575 795 3645 ὡς
823 3573 879 3638 adr
900 3575 1101 3640 ἀποδιδόασιν
1127 3571 1211 3638 οὗτοι

186 3683 239 3746 τόν
268 3686 322 3747 τοῦ
349 3685 532 3770 πράγματος
558 3685 696 3772 όρισρόν.
749 3684 831 3771 Top.
854 3684 881 3749 I.
905 3687 935 3751 ὃ.
949 3681 1045 3770 Ὅπερ
1066 3684 1127 3765 (sc.
1151 3681 1211 3766 τρί·

185 3795 300 3880 γωνον)
330 3792 456 3886 ἔχοντες
482 3795 529 3859 ότι
556 3793 621 3860 ἔστι
650 3795 801 3882 ζητοῦμεν
828 3793 881 3856 διά
902 3816 930 3856 τι
951 3791 1033 3857 ἔστιν
1056 3812 1105 3854 an.
1127 3797 1213 3874 post.

183 3902 230 3971 II.
254 3906 304 3974 10.
327 3905 349 3974 l.
371 3929 399 3972 c.

1041 3998 1058 4054 5
