2818 4160
537 963 541 970 ’
568 975 695 1053 PARS
720 977 765 1052 ΙΙΙ.

228 1105 289 1226 nu
315 1136 460 1230 nnus
487 1135 871 1370 uoppssppppum
897 1135 1096 1229 uranu

228 1500 306 1568 Jam
328 1499 475 1566 venimus
498 1499 539 1566 ad
561 1510 699 1588 tempus,
723 1523 786 1588 quo
802 1499 984 1567 Leibnitius
1007 1521 1072 1564 non
1094 1498 1183 1564 nulle

142 1633 235 1702 quae
258 1610 444 1678 adolescens
467 1621 623 1706 statuerat
645 1611 805 1700 principia
827 1611 923 1676 missa
951 1610 1026 1676 fecit
1048 1633 1178 1678 novam-

147 1745 216 1810 que
251 1722 472 1810 philosophiae
506 1724 622 1789 faeiem
655 1721 791 1788 effinxit.
843 1723 941 1788 Anno
975 1723 1062 1788 enim
1095 1724 1177 1790 1671

147 1833 237 1900 Nov.
260 1834 396 1922 epistula
424 1834 465 1899 ad
488 1833 670 1901 Arnaldum
702 1835 776 1900 duta
791 1837 815 1920 ¹)
850 1845 965 1900 eontra
987 1833 1178 1917 Carteeium,

154 1947 250 2031 eujus
272 1944 476 2034 philosophia
497 1955 575 2010 tuno
598 1947 752 2032 temporis
773 1945 951 2010 eommunis
967 1946 1181 2032 omnibusque

152 2063 225 2120 erat
255 2057 444 2142 aceepta2),
479 2056 623 2142 eorporis
658 2056 831 2121 essentiam
857 2080 923 2122 non
947 2055 1123 2121 consistere
1145 2055 1180 2120 in

155 2166 347 2247 extensione
375 2165 410 2230 id
436 2177 485 2232 est
511 2167 544 2232 in
574 2165 797 2256 magnitudine
826 2175 858 2231 et
887 2165 993 2254 figura
1023 2165 1142 2234 statuit.
1157 2167 1183 2250 ³)

155 2274 279 2344 Verum
304 2277 434 2367 quidem
458 2288 514 2362 est,
530 2277 728 2344 Leibnitium
746 2277 797 2343 vel
813 2287 890 2342 tuno
905 2277 992 2342 haud
1007 2299 1112 2363 perrea
1125 2276 1179 2343 ad·

161 2381 294 2472 misisse,
317 2413 399 2478 quae
415 2400 529 2478 postea
545 2389 702 2478 rejecerit,
718 2412 767 2456 ex.
782 2412 831 2476 gr.
847 2388 988 2476 spatium
1003 2411 1141 2455 vacuum
1155 2390 1182 2468 ⁴)

68 2572 72 2578 ,
158 2500 353 2588 minimeque
372 2506 440 2586 jam
461 2511 540 2566 tuno
562 2524 656 2566 suurn
679 2500 719 2566 de
741 2493 933 2566 monadibus
961 2510 1103 2588 systema
1130 2501 1185 2566 ha-

160 2609 267 2676 buisse
291 2620 441 2676 accurate
464 2611 673 2694 elaboratum,
696 2612 741 2676 ita
762 2621 799 2678 ut
821 2612 890 2699 ipse
913 2609 974 2677 sibi
989 2634 1121 2699 prorsus
1137 2635 1186 2678 sa·

157 2723 334 2805 tisfaoeret‚
357 2721 390 2788 id
413 2721 500 2812 quod
525 2721 605 2789 1685
628 2745 730 2810 paene
753 2721 883 2790 demum
906 2721 1023 2806 effecit,
1047 2722 1094 2789 uti
1116 2721 1186 2808 ipse

160 2845 286 2918 narrat,
301 2835 327 2920 ⁵)
351 2833 406 2900 sed
429 2845 537 2901 tamen
560 2857 664 2902 novae
688 2834 855 2908 doetrinae
872 2835 941 2921 jam
962 2833 1093 2922 ingenio
1123 2829 1184 2894 viri

243 3077 265 3144 ¹)
286 3079 431 3131 Grotesend.
449 3079 487 3130 ed.
506 3096 531 3146 p.
552 3079 608 3134 137.

242 3164 266 3228 ²)
284 3164 390 3218 Leibnit.
409 3165 441 3216 ad
454 3163 576 3230 Bierling.
591 3166 655 3218 1711
677 3163 837 3227 „Cartesiana
854 3156 1016 3230 philosophia
1028 3157 1083 3224 jam
1101 3155 1183 3210 miuus

163 3249 244 3311 floret,
262 3267 336 3308 onam
354 3251 475 3302 antehae
494 3251 528 3305 30
545 3249 641 3300 annos“
660 3266 719 3315 opp.
738 3247 771 3310 V,
789 3249 849 3302 370.

243 3335 267 3402 ³)
286 3335 325 3387 ed.
343 3335 435 3388 Grotef.
456 3337 554 3406 p.141‚
600 3337 602 3342 ’

240 3420 266 3484 ⁴)
283 3420 344 3472 ibid.

245 3507 269 3572 ⁵)
287 3505 362 3559 Anno
380 3507 447 3558 enim
467 3508 533 3562 1697
559 3505 694 3557 Thomasio
718 3504 828 3556 Burneto
847 3500 945 3552 scribit:
971 3499 1126 3576 „oapendaut
1137 3497 1186 3564 j’ai

168 3593 266 3660 change
277 3601 301 3644 et
313 3591 437 3658 rechange
448 3598 514 3642 otoo
530 3589 597 3641 n'est
614 3602 663 3654 que
687 3588 776 3653 depuis
795 3583 898 3638 environ
918 3585 949 3638 12
968 3600 1013 3635 ana
1031 3585 1089 3650 tia.
1108 3583 1186 3645 1685)

163 3696 213 3746 qua
225 3680 255 3746 ja
272 3694 314 3730 ma
331 3685 417 3729 trouva
436 3674 565 3728 samffit.“
582 3702 615 3720 -.
634 3672 667 3723 Et
684 3681 751 3724 serta
769 3669 871 3722 maximi
889 3675 928 3719 est
945 3664 1064 3718 momenti
1075 3662 1184 3728 epistula
