2818 4160
593 144 892 212 -41-.

185 315 332 385 trationis
353 337 410 380 sen
432 314 562 380 unionis
584 340 640 382 sen
662 327 804 384 erotema
826 339 933 382 eornm
954 341 1052 386 imam
1073 343 1150 404 esse,
1172 331 1210 384 nt

185 429 367 494 contineam
400 426 534 513 definiat
560 427 751 494 Aristoteles
778 426 816 492 οὗ
840 428 878 492 τὰ
899 427 1015 518 ἔσχατα
1038 430 1080 496 ἕν.
1121 431 1209 496 Hinc

184 560 223 605 ea
240 561 376 624 corpora
397 538 505 604 omnia
533 537 664 625 solaque
690 538 855 604 cohaerere
884 561 966 625 qaae
992 562 1025 604 se
1052 553 1208 626 pronam.

182 646 235 716 Of.
258 648 358 718 Arist.
401 673 508 738 νισι-ην.
528 648 565 716 Ο.
591 629 620 716 6.
643 650 732 738 pto.
758 653 812 716 τοῦ
835 650 872 715 δὲ
895 650 994 716 ποσοῦ
1019 651 1053 716 τὸ
1071 650 1130 735 μέν
1146 651 1210 718 ἐστι

183 761 391 848 διωρισμένον
409 761 609 847 (discretum)
622 765 657 828 τὸ
670 763 706 827 δὲ
718 765 847 854 συνεχὲς
857 763 1083 846 (continuum).
1116 761 1210 828 Tune

184 883 291 941 nutem
313 868 503 939 continuem
525 895 595 938 esse
618 871 696 938 dicit
717 873 907 940 Aristoteles
937 895 1010 940 oum
1042 871 1210 960 utriusque

182 981 262 1050 lines
283 983 402 1072 quibus
431 1005 466 1050 se
495 994 646 1072 tangant,
676 1007 776 1050 unum
804 982 953 1070 idemque
979 982 1101 1050 fuerint
1130 983 1210 1048 iacti

177 1100 281 1181 'etque'
300 1104 337 1159 ut
358 1117 476 1160 nomen
504 1093 664 1182 significet
693 1097 933 1172 contineantur,
962 1093 1049 1183 qnod
1077 1093 1209 1182 quidem

182 1225 253 1270 esse
268 1226 334 1268 non
349 1226 453 1291 posse,
470 1205 497 1269 si
512 1216 660 1272 extrema
675 1207 738 1272 sint
750 1205 814 1272 duo
827 1206 867 1271 ol.
881 1205 971 1294 phys.
984 1206 1015 1270 V
1026 1207 1047 1272 3
1059 1230 1090 1294 p.
1103 1205 1165 1272 227
1178 1226 1207 1276 s.

180 1314 264 1398 λέγω
294 1315 407 1380 δἐἶναι
427 1317 557 1406 συνεχὲς
584 1318 660 1382 ὅταν
683 1317 774 1384 ταύτὸ
797 1317 920 1406 γένηται
951 1319 999 1382 καὶ
1021 1318 1055 1382 ἓν
1079 1319 1113 1381 τὸ
1135 1319 1204 1382 ἕνα·

182 1425 277 1512 ripas
307 1425 408 1512 πέρας
434 1426 481 1496 οἷς
506 1428 654 1493 ἅπτονται
676 1431 723 1491 καὶ
758 1429 869 1515 ὥσπερ
897 1428 1038 1516 σημαίνει
1071 1425 1207 1513 τοῦνομα

180 1535 353 1626 συνέχηται.
402 1539 493 1602 τοῦτο
526 1535 618 1628 ὃόὐχ
647 1537 710 1602 οἷόν
740 1561 775 1602 τε
802 1538 888 1603 δυοῖν
916 1537 1017 1604 ὄντοιν
1040 1535 1117 1602 εἶναι
1140 1540 1203 1602 τοῖν

181 1646 333 1736 ἐσχάτοιν.

265 1759 438 1826 Honoretc
460 1757 590 1843 Fabrio,
614 1761 669 1848 qui
691 1760 887 1828 Leibnitium
910 1759 1091 1828 Cortesinm
1114 1761 1206 1848 sequi

179 1877 213 1934 et
234 1869 276 1935 eb
298 1869 472 1936 Aristotele
494 1871 634 1936 alienum
657 1894 726 1937 esse
749 1871 899 1959 putebat,
923 1871 979 1950 (cf.
1003 1876 1114 1959 supra)
1138 1893 1203 1938 non

178 1978 281 2044 multo
302 1989 376 2066 post
391 1962 511 2044 anunm
530 1981 611 2046 1676
628 1981 682 2063 (ci.
700 1989 812 2069 snpra)
831 1981 958 2046 scribit:
983 1980 1121 2046 »Tecum
1136 2003 1204 2046 sere-

180 2088 226 2152 tio
249 2101 450 2153 caeterarum
479 2089 687 2154 scientiarum
705 2089 926 2176 fundamenta
951 2090 986 2154 in
1004 2091 1115 2176 prima
1130 2089 1204 2176 plri-

178 2197 326 2286 losopiria
348 2199 512 2266 contineri.
551 2198 659 2285 Hnjns
674 2223 760 2266 meae
774 2202 946 2267 sententiae
967 2200 1064 2266 etiarn
1086 2201 1121 2266 in
1140 2200 1206 2286 Hy-

170 2309 306 2396 postest
323 2311 467 2400 Physica
495 2311 618 2398 aliquot
641 2311 755 2376 abhinc
778 2312 872 2376 annm
894 2309 992 2394 edita,
1020 2312 1130 2398 (1671)
1153 2333 1205 2378 an·

172 2442 293 2504 pressa
314 2422 397 2486 satis
425 2423 564 2510 oostiqia
585 2421 751 2488 trahentur.
794 2421 839 2488 Et
861 2445 932 2488 enm
952 2423 1063 2488 Marii
1079 2423 1211 2490 Ninolii

180 2527 395 2594 Brr'nsllensis
430 2531 530 2596 libros
553 2583 584 2600 ..
604 2585 612 2600 .
634 2532 751 2598 rea-adi
773 2555 949 2616 curassem,
981 2533 1110 2619 arnecto
1140 2538 1206 2622 epi·

52 2639 55 2643 ’
178 2643 266 2706 stola
287 2639 333 2704 ad
354 2641 490 2708 ammam
511 2641 673 2708 ostendere
695 2656 827 2710 eonatns
848 2667 933 2727 snm,
958 2644 1163 2712 Arr’stotelem
1184 2667 1206 2708 a

177 2774 255 2818 nera
272 2751 484 2840 philosophis
504 2749 567 2818 nnn
594 2752 642 2818 ita
663 2767 817 2820 remotum
838 2777 905 2818 esse
933 2777 970 2820 ac
991 2754 1126 2842 qnidam
1144 2775 1206 2838 pn·

179 2875 259 2930 tant.
305 2862 373 2942 Quo
395 2863 499 2952 maqis
520 2863 630 2944 miror,
653 2863 741 2952 qnod
760 2887 808 2928 me
830 2865 865 2930 in
887 2865 1023 2956 epistola
1045 2878 1102 2930 tna
1122 2864 1207 2928 ceint

179 2973 220 3044 ab
242 2972 414 3040 Aristotele
441 2974 567 3039 omnino
598 2973 737 3038 alienum
757 2973 891 3060 publice
918 2973 1072 3038 notastizs
1102 2970 1145 3038 cf.
1168 2969 1205 3040 O.

178 3083 212 3152 J.
236 3081 411 3154 Gerherdt.
441 3085 593 3152 methem.
617 3082 694 3150 seh.
711 3083 756 3150 II.
787 3083 818 3152 2.
848 3107 879 3171 p.
895 3083 949 3150 82.
991 3082 1103 3169 Atque
1131 3103 1207 3148 curn

180 3192 258 3282 quid
275 3192 314 3260 de
325 3195 482 3278 Centenio,
493 3194 685 3262 Democrito
701 3193 828 3277 sentiet,
840 3191 968 3274 indicet,
980 3190 1021 3258 <le
1032 3191 1206 3262 Aristotele

179 3303 228 3372 in
247 3304 316 3370 fere
338 3306 430 3372 dicit:
455 3306 535 3372 »too
549 3329 615 3392 per
636 3306 776 3394 smqnla,
799 3306 834 3370 si
844 3303 986 3392 pateris.
1027 3301 1131 3382 Quam
1145 3325 1208 3370 non

180 3425 372 3482 contemnam
390 3416 604 3497 Aristotelem,
635 3438 737 3503 snpra
764 3415 857 3501 cliai3
884 3413 1080 3501 eloquentiae
1105 3425 1206 3478 artem

118 3605 121 3613 Ι
179 3537 210 3592 a
231 3524 356 3590 senilem
370 3523 543 3594 Saientiam
560 3526 733 3616 praeclare
757 3539 914 3612 tractasse
934 3525 1019 3608 seso,
1039 3523 1100 3594 sed
1120 3535 1150 3590 et
1172 3523 1207 3588 in

179 3636 255 3724 q'qssc
275 3635 419 3725 Physica
449 3635 488 3704 de
507 3637 707 3724 principiis,
738 3635 777 3704 de
803 3649 890 3702 mota
919 3649 948 3703 et
975 3634 1138 3710 continno,
1167 3627 1206 3695 de

1388 3013 1391 3120 r

1385 3507 1391 3570 'l

1388 3773 1391 3847 l
