2818 4160
598 192 789 262 ,5.-

187 386 313 451 semper
335 364 471 444 servant,
496 373 574 428 erat.
622 361 780 448 »Dupleoc²
803 361 956 450 inquit‚²⁰)
984 363 1210 452 philosophan-

186 477 265 541 tium
287 474 427 538 seculum
448 473 562 538 senode
585 497 626 539 sc.
651 473 744 560 qpalc
760 473 933 538 barbaram
953 472 1036 536 illud
1050 477 1107 538 seth
1122 477 1209 540 echo·

185 587 311 652 laeticie
333 585 425 672 fuit,
454 587 513 650 uit
539 600 568 650 et
589 585 765 652 Aristoteli
787 584 967 650 serviebant
995 585 1065 669 tirsi
1083 599 1111 650 et
1133 587 1209 652 Art-

184 697 322 762 stotclem
344 697 488 764 vicissim
518 699 552 760 ia
582 696 773 784 quibasdam
806 697 875 760 eibi
898 696 1018 762 servire
1051 697 1211 782 copelraot,

188 809 355 872 tormentis
373 809 471 893 qnasi
490 807 682 894 quibusdam
706 809 754 872 ita
777 831 846 872 cano
869 807 1150 892 encornt‘flccntce²
1172 831 1212 872 ao

186 917 267 1004 qaid
286 919 440 1006 reliproni
459 943 537 984 saco
559 920 732 984 christiane
755 917 1055 1000 contradictiones
1076 919 1214 984 azinium

108 1027 110 1030 ’
185 1029 396 1112 licentiosam,
431 1031 524 1116 quale
557 1044 716 1112 nostrum,
750 1053 820 1094 cani
853 1029 894 1094 ab
922 1053 983 1093 nno
1006 1042 1144 1093 contremo
1168 1029 1215 1094 cd

110 1214 117 1224 „
185 1142 322 1208 citerani
350 1143 488 1206 hominos
519 1142 719 1208 delabuntur.
763 1141 910 1206 Mettum
939 1154 1064 1205 tenuere
1088 1141 1210 1205 dcatil«

186 1289 228 1302 -
251 1253 294 1318 Et
316 1254 460 1339 profecto
482 1255 554 1319 telis
577 1266 646 1320 erat
668 1255 857 1322 Leibnitius.
889 1252 954 1332 Qui
976 1275 1076 1341 quum
1099 1275 1212 1318 omnes
1321 1293 1323 1298 ·

187 1364 337 1430 scientias
359 1375 437 1429 tunc
453 1366 605 1450 temporis
622 1367 766 1430 excultas
783 1366 890 1432 auimo
908 1365 1095 1450 complexus
1117 1375 1211 1446 esset,

185 1474 435 1562 metaphysicam
459 1487 565 1540 autem
588 1475 724 1562 primam
747 1474 897 1557 duxisset,
921 1497 959 1540 eo
983 1485 1051 1541 erat
1066 1474 1209 1561 ingenio,

185 1592 222 1652 ut
243 1595 391 1652 veterum
421 1585 584 1651 doctrinas
614 1608 752 1672 cumque
781 1585 819 1650 iis
849 1586 1084 1674 philosophiam
1107 1587 1211 1672 ipsam

185 1697 227 1762 ed
250 1697 404 1764 honorem
422 1697 565 1764 debitum
588 1698 778 1766 restitueret.
795 1699 930 1764 Primus
954 1721 995 1764 ex
1010 1698 1211 1787 philosophis

185 1808 415 1875 recentioribus
450 1819 524 1897 post
545 1810 713 1876 Baconum
749 1809 912 1877 doctrinas
948 1821 1092 1876 veterum
1125 1808 1212 1875 haud

185 1942 255 1984 esse
275 1919 467 2002 judicandas
492 1944 533 1986 ex
565 1921 747 2008 depravatis
776 1922 1042 1988 scholasticorum
1072 1943 1213 2010 quorun·

189 2027 262 2093 dam
286 2028 502 2116 dogmatibus,
526 2031 581 2116 qui
602 2031 736 2096 maculis
759 2032 952 2118 meptiarum
976 2055 1107 2097 suarum
1128 2041 1213 2096 vete·

187 2162 260 2204 rum
283 2140 488 2226 splendorem
511 2163 605 2229 asper
627 2141 757 2228 gebant,
782 2152 868 2206 recte
897 2141 1071 2229 perspexit.
1108 2141 1160 2205 »E
1180 2164 1214 2205 re

177 2251 404 2338 philosophiae
425 2251 518 2318 hond
539 2265 584 2318 cst
606 2265 712 2317 cetera
727 2275 869 2337 prorsas
890 2249 1028 2336 abjicere
1042 2251 1100 2330 sed
1114 2274 1212 2316 emea-

99 2435 105 2456 Ι
186 2361 265 2428 darc
290 2364 474 2450 potissim)
505 2377 663 2430 »ceteram
697 2363 780 2427 caim
801 2362 1083 2448 philosophemato
1106 2376 1135 2426 ot
1147 2361 1211 2449 fir·

184 2486 273 2536 mont
296 2487 325 2537 ot
339 2489 525 2558 promovent
546 2476 699 2540 veritates
721 2474 773 2539 oet
792 2485 962 2539 rcaooatae
984 2477 1033 2539 vel
1046 2497 1148 2560 nuper
1164 2475 1212 2538 ia-

184 2585 374 2667 vacarat)
420 2584 627 2673 Quapropter
648 2597 774 2652 tantum
803 2586 916 2651 aberat
945 2596 981 2650 ut
1003 2584 1212 2651 Aristotelem

185 2694 357 2762 Platonem
376 2695 601 2762 Democritum
624 2706 857 2778 contemneret,
879 2706 932 2780 ut,
963 2719 1062 2784 quum
1086 2706 1213 2762 veteres

185 2827 261 2872 cum
295 2805 528 2872 recentioribus
562 2806 763 2892 conciliaret,
798 2807 903 2876 virum
924 2829 1086 2896 ⁴magnum
1116 2804 1213 2871 ardor

186 2916 349 2985 doctrinas
378 2938 451 2982 suas
479 2915 566 3003 apud
594 2929 720 2984 veteres
749 2917 934 2986 inveniendi
969 2916 1131 2985 interdum
1160 2915 1212 2982 de

187 3025 321 3094 duceret
352 3027 386 3092 in
419 3050 554 3098 errores.
583 3067 627 3079 -
654 3029 729 3118 Ipse
761 3041 872 3097 narrat
904 3030 937 3100 in
971 3027 1209 3096 introductione

186 3135 339 3206 historica
361 3137 514 3206 scientiae
534 3140 696 3228 generalis
720 3143 764 3228 (p.
782 3143 822 3208 91
846 3138 938 3224 Eri.)
970 3162 1004 3206 se
1027 3138 1060 3204 in
1082 3148 1210 3206 veteres

186 3246 325 3334 primum
347 3248 498 3320 incidisse
517 3263 769 3340 aversetumque
789 3252 888 3320 fuisse
922 3250 1117 3318 recentiores
1143 3251 1212 3320 siae

253 3515 291 3581 ²⁰)
310 3515 466 3568 leibnitiana
483 3497 515 3571 ex
531 3517 581 3572 otio
593 3494 870 3586 ‘uenovmno'neueri
886 3535 948 3590 opp.
965 3517 1010 3584 vl,
1026 3518 1088 3573 311.

254 3599 293 3667 81)
311 3599 344 3654 de
361 3601 420 3653 etilo
436 3601 518 3656 Niaol.
537 3621 562 3671 p.
581 3603 623 3660 65.
640 3605 665 3658 b.
683 3603 744 3656 Era,
821 3645 823 3648 ,

254 3685 292 3756 ¹²)
309 3685 343 3739 ad
359 3685 515 3754 Hemcmm
531 3705 557 3758 p.
575 3689 636 3758 445.
653 3706 677 3744 a,
694 3689 755 3758 ffl-
