2818 4160
653 195 866 262 ..36-

327 368 403 438 Jam
436 367 469 433 in
503 365 690 432 definitione
720 363 866 450 justitiae
889 363 1076 428 seruatam
1109 381 1179 426 esse
1208 360 1289 426 viri

243 481 336 548 boni»
359 480 446 568 (noir
463 479 560 543 bouus
576 489 624 540 eat
638 475 785 561 quosquis
801 487 890 539 amat
905 495 1020 554 comcs,
1035 494 1146 536 umore
1163 484 1290 536 autem

242 605 289 658 est
311 590 469 658 delectori
487 587 629 670 alicujus
643 583 845 672 folradum«
871 586 911 651 cs.
935 591 1047 670 supra)
1070 603 1144 670 qua,
1167 591 1204 646 ut
1221 603 1289 647 ex-

242 703 385 793 ponit,⁶⁰)
408 700 509 766 Mosis
533 696 914 781 Christi'Platonicorum
938 695 1071 781 regulae
1086 693 1289 760 continean-

242 825 306 899 tur,
328 811 509 881 Leibnitius
535 809 586 874 rin
610 807 721 874 codiee
737 807 822 896 juris
850 805 1015 894 gentium«
1043 805 1126 871 1693
1149 803 1287 891 scripto

244 923 407 1012 acquievit
429 932 462 987 et
483 931 597 1007 postea
618 919 715 985 etiam
738 919 822 984 1709
848 916 987 1004 epistula
1008 917 1172 982 Kestnero
1196 915 1288 980 seri

242 1046 308 1125 pta.
352 1033 401 1100 Ut
421 1034 486 1119 jam
508 1032 560 1097 hio
583 1029 809 1112 ostendamus,
832 1029 938 1094 fontes
957 1027 1041 1113 juris
1058 1025 1217 1092 naturalis
1246 1025 1286 1090 in

246 1145 362 1213 eodem
392 1142 506 1209 codiee
536 1141 687 1229 designat
713 1136 972 1227 (p.120Erd.);
1002 1147 1068 1204 tres
1091 1137 1176 1202 illius
1200 1159 1285 1201 esse

244 1255 365 1345 gradus
398 1253 494 1320 docet
524 1255 554 1336 l)
573 1255 628 1340 jus
655 1251 802 1317 strictum
836 1271 893 1315 seu
925 1269 1052 1315 merum
1084 1245 1117 1312 in
1146 1247 1287 1332 jus-titia

246 1366 485 1449 commutatus,
508 1362 543 1452 2)
559 1364 704 1452 aequitas
726 1360 792 1441 (vel
814 1361 1001 1448 angustiore
1023 1380 1118 1424 sensu
1141 1357 1285 1436 caritas)

244 1479 278 1544 in
296 1476 421 1565 justitia
444 1475 656 1557 distributiva,
680 1475 713 1554 3)
738 1473 840 1559 pietas
862 1471 915 1536 vel
936 1470 1080 1557 probitas
1097 1468 1280 1555 injustitia

247 1587 421 1657 universali
455 1609 540 1674 quae
576 1607 687 1652 omnes
721 1585 799 1650 alias
836 1584 972 1648 virtutes
1010 1579 1284 1670 comprehendat.

246 1697 395 1776 Quorum
424 1696 583 1784 graduum
614 1694 661 1761 uti
692 1695 724 1760 in
753 1717 839 1760 nova
865 1695 1018 1761 methodo
1049 1695 1125 1778 §73
1149 1700 1193 1780 (p.
1212 1693 1285 1758 105

245 1807 296 1873 ed.
312 1805 431 1884 Wolf.)
456 1806 543 1889 dicit,
567 1828 703 1893 sequens
719 1803 931 1871 antecedente
946 1805 1121 1893 perfectior
1136 1825 1283 1890 eumque

245 1916 416 1985 confirmat
431 1926 464 1983 et
478 1919 511 1982 in
527 1939 604 1982 casu
619 1915 816 2003 pugnantius
831 1917 861 1982 ei
878 1915 1023 2003 derogat.
1055 1913 1141 1981 Gurn
1164 1923 1279 1982 autem
1354 1899 1355 1924 ³

244 2030 298 2115 jus
321 2029 469 2095 strictum
484 2027 564 2093 nihil
579 2027 621 2092 sit
635 2027 721 2093 aliud
739 2049 839 2115 quam.
846 2028 901 2113 jus
918 2027 994 2092 belli
1016 2027 1180 2114 pacisque,
1197 2026 1280 2114 quia

245 2141 329 2216 inter
351 2162 522 2228 personam
545 2149 579 2206 et
593 2161 764 2227 personam
779 2138 902 2205 tamdiu
917 2147 966 2204 est
977 2141 1032 2222 jus
1046 2137 1146 2226 pacis,
1163 2159 1279 2224 quam-

247 2251 302 2318 diu
325 2252 406 2318 alter
428 2273 493 2317 non
516 2250 637 2338 incepit
659 2250 778 2317 bellum
801 2271 857 2314 seu
885 2249 994 2332 laesit,
1025 2249 1112 2316 illius
1141 2251 1279 2316 unicum
1354 2301 1355 2330 .

246 2373 455 2449 praeceptum
478 2383 548 2426 esse
570 2371 722 2447 apparet:
748 2359 929 2425 »neminem
959 2381 1029 2432 esse
1056 2359 1273 2426 laedendum«

149 2465 152 2472 ’
247 2492 289 2536 ne
305 2469 398 2536 detur
413 2471 446 2535 in
462 2469 593 2536 civitate
609 2472 694 2537 ectio
710 2480 801 2536 extra
816 2468 994 2554 civitatem,
1014 2471 1067 2558 jus
1082 2470 1160 2537 belli
1176 2477 1279 2550 (nova

248 2581 346 2648 math.
378 2581 406 2665 ἕ.
423 2581 464 2648 73
492 2579 540 2648 ed.
563 2579 663 2650 Wolf.
693 2606 725 2670 p.
743 2584 820 2666 1063
850 2581 891 2649 cf.
914 2605 946 2669 p.
964 2582 1027 2648 119
1048 2579 1142 2665 Ere.)
1165 2581 1277 2670 aequi-

247 2689 325 2758 tatis
346 2715 423 2759 vero
446 2715 545 2780 quum
568 2694 608 2758 sit
631 2693 754 2760 cunctis
776 2693 931 2782 prodesse
960 2689 1016 2758 sed
1037 2702 1195 2781 quantum
1211 2693 1277 2759 eui·

249 2825 313 2890 que
328 2799 479 2870 convenit
494 2813 550 2868 aut
564 2814 720 2892 quantum
736 2806 871 2893 quisque
887 2814 1038 2887 meretur,
1057 2805 1103 2869 ita
1118 2813 1154 2870 ut
1169 2804 1277 2894 aequi

253 2924 302 2981 tas
325 2914 344 2980 i.
369 2937 397 2981 e.
422 2913 560 2979 duorum
582 2913 764 3001 pluriumve
786 2915 869 2982 ratio
891 2916 945 2981 vel
966 2915 1134 3003 proportio
1158 2913 1276 2981 existat

250 3025 284 3091 in
306 3024 475 3092 harmonia
497 3047 553 3091 seu
577 3027 790 3112 congruentia
812 3033 911 3107 (nova
927 3026 1027 3095 moth.
1050 3031 1079 3110 ξ.
1095 3027 1146 3111 74,
1171 3027 1277 3093 codex

249 3161 281 3226 p.
300 3137 361 3203 119
392 3135 503 3222 End),
532 3147 740 3225 praeceptum
767 3137 854 3204 illius
883 3149 932 3204 est
961 3159 1054 3205 suum
1085 3137 1201 3225 cuique
1222 3135 1276 3202 tri·

250 3247 360 3314 buere.
414 3247 522 3312 »Haec
554 3250 692 3335 requirit
726 3256 815 3330 (nov.
842 3250 939 3318 moth.
970 3250 989 3320 l.
1019 3251 1062 3333 c.)
1091 3263 1127 3314 ut
1149 3249 1185 3314 eia
1206 3269 1276 3312 eam

252 3360 313 3444 qui
329 3382 379 3422 ma
400 3359 494 3424 laesit
514 3383 576 3426 ooo
599 3361 714 3426 bellum
730 3360 957 3426 cataractarum
972 3361 1141 3426 restituam
1157 3357 1216 3424 aad
1233 3354 1278 3422 od

251 3469 486 3535 restitutionem
508 3518 516 3537 .
539 3524 546 3540 .
569 3472 722 3538 coincidit
744 3485 849 3536 ouum
871 3493 941 3536 oum
955 3470 1277 3557 priootivir'adrrlrto-

326 3694 362 3762 ⁶⁰)
381 3695 412 3749 cl.
431 3696 644 3764 Trendelenburg.
661 3698 719 3750 hist.
737 3695 813 3748 Beitr.
831 3692 865 3748 Il.
884 3697 942 3752 267.
