2818 4160
607 171 820 242 ..25-

202 345 293 428 teris,
312 344 348 408 in
371 367 436 432 qua
453 344 601 432 potentia
622 346 684 411 sita
700 339 756 412 ¹est
777 354 809 411 et
826 369 938 435 μαρφη
954 327 1225 434 etcrcpplrrc‚it'a

203 464 239 523 ut
260 454 396 544 privatio
419 455 538 522 realem
561 454 720 543 significet
741 455 1006 544 negationem,4⁰)
1030 456 1131 544 qualis
1151 479 1225 522 nox

201 577 251 635 est
273 591 421 658 orcppcrc
448 565 576 634 luminis
605 569 833 682 §metaph.l2,
858 571 900 648 1).
946 568 1052 648 Quam
1082 567 1124 634 ob
1152 589 1222 634 rem

201 679 380 746 L'cibnitius
395 679 604 745 Aristotelem
626 681 791 767 explicans
813 682 931 746 formes
954 680 1031 745 oriri
1052 703 1093 745 ex
1108 689 1223 767 poten-

200 791 245 858 tia
267 791 421 858 materiae
444 791 521 858 dicit
541 814 609 857 non
631 792 751 880 aliquid
773 797 894 859 n'ovum
916 790 1135 879 producendo,
1164 791 1224 857 scd

200 913 325 970 tantum
347 914 440 970 vetus
461 904 623 990 tollend03
647 945 687 958 -
710 906 802 993 cujus
825 903 1002 971 sententiae
1023 905 1159 992 vestigia
1184 905 1222 970 in

200 1037 286 1082 nova
308 1015 404 1081 ctiam
426 1015 578 1082 Leibnitii
601 1016 748 1082 doctrina
770 1026 883 1104 postea
904 1019 1029 1103 prolata
1050 1015 1145 1082 facile
1167 1014 1222 1080 de-

196 1127 407 1230 prehenderis
428 1165 472 1178 -
493 1129 617 1194 formae
639 1139 749 1194 autem
770 1130 913 1194 oriantur
928 1151 1060 1195 neccsse
1076 1151 1145 1196 csse
1161 1151 1221 1218 per

199 1250 339 1324 motum,
368 1261 497 1306 omnem
526 1241 612 1306 enim
643 1238 885 1329 dispositionem
915 1241 956 1306 ad
983 1241 1122 1307 formam
1149 1249 1221 1308 esse

198 1367 332 1419 motum.
378 1351 513 1442 Spectat
535 1352 687 1421 nimirum
710 1351 751 1418 ad
773 1353 958 1420 Aristotelis
981 1353 1112 1443 κίνησιν,
1135 1375 1219 1442 quae

199 1465 376 1552 potentiam
398 1467 555 1554 (ὃυναμιν)
578 1461 621 1531 erl
642 1465 820 1555 perfectam
838 1465 959 1553 finique
975 1467 1218 1532 convenientem

199 1578 334 1644 formam
358 1577 576 1670 (ἐντελεχειαν)
600 1577 758 1666 perducat
780 1601 915 1666 eamque
938 1579 979 1644 ob
1002 1602 1132 1644 causam
1160 1579 1218 1644 im-

198 1692 342 1777 perfecta
364 1689 522 1778 quaedam
545 1691 586 1756 sit
608 1692 750 1778 ἐνεργεια
770 1712 869 1778 quum
883 1691 916 1755 in
932 1689 1079 1780 ἐνεργειᾳ
1091 1691 1219 1779 quidem

198 1801 271 1867 finis
289 1802 358 1886 jam
380 1804 511 1868 effectus
534 1801 584 1886 sit,
607 1825 673 1870 non
695 1823 773 1870 vero
796 1802 828 1866 in
846 1825 969 1891 rrvpear.
1008 1803 1108 1870 Arist.
1125 1801 1216 1890 phys.

199 1913 262 1996 HI,
287 1916 304 1978 1
334 1917 354 2004 ἦ
381 1917 435 1979 τοῦ
463 1915 598 1979 δυνατοῦ
620 1911 643 2003 ᾗ
664 1915 796 1980 δυνατὸν
818 1913 990 2005 ἐντελέχεια
1012 1917 1150 2002 φανερὸν
1174 1914 1221 1978 ὅτι

200 2025 314 2115 κίνησίς
341 2026 433 2106 ἐστιν,
463 2026 504 2094 cf.
528 2026 618 2114 phys.
642 2027 676 2105 Θ,
707 2029 741 2111 13
769 2026 859 2112 phys.
883 2027 940 2109 III,
968 2025 990 2090 2
1022 2027 1079 2115 ἥτε
1094 2025 1221 2115 ’κίνησις

199 2137 341 2226 ἐνέργεια
360 2137 419 2225 μέν
442 2162 487 2210 τις
509 2137 585 2204 εἶναι
608 2139 702 2216 δοκεῖ,
726 2138 840 2226 ἀτελὴς
861 2137 906 2202 δέ.
965 2143 967 2150 ’

284 2251 369 2318 Tum
392 2250 572 2317 Leibnitius
596 2249 746 2337 exponit,
769 2247 961 2313 mutationes
985 2271 1067 2336 quae
1090 2269 1220 2313 enume-

198 2373 310 2430 rentur
331 2362 635 2450 augmentationem,
659 2357 919 2443 diminutionem,
944 2360 1164 2427 alterationem
1187 2370 1219 2427 et

198 2473 407 2539 mutationem
437 2473 574 2538 localem
602 2495 659 2538 seu
690 2481 813 2536 motum
841 2493 898 2559 per
926 2482 1050 2537 motum
1084 2472 1218 2537 localem

201 2584 306 2649 solum
328 2584 505 2650 secundum
528 2583 723 2650 recentiores
747 2605 844 2671 posse
865 2583 1018 2670 explicari
1037 2583 1080 2671 (p.
1096 2583 1147 2666 40,
1163 2583 1218 2662 51)

198 2716 250 2760 ex.
278 2717 327 2782 gr.
357 2695 426 2761 sola
453 2694 576 2784 figurae
604 2695 747 2783 situsque
775 2695 808 2759 in
846 2694 1015 2782 superficie
1041 2694 1219 2759 mutatione

198 2805 322 2872 colores
345 2806 429 2872 oriri.
452 2805 681 2874 -Aristoteli
704 2831 828 2896 κινησις,
853 2830 935 2896 quae
957 2806 1133 2897 perfectam
1155 2806 1218 2872 for-

196 2943 283 2992 mam
305 2929 338 2988 et
357 2919 583 3006 imperfectam
606 2919 774 2986 materiam
798 2919 976 3009 conjungit,
1000 2917 1141 2986 conditio
1164 2941 1218 2982 na-

197 3039 288 3098 turae
311 3041 369 3115 cst,
392 3054 455 3120 qua
469 3030 619 3116 ignorata
634 3041 749 3096 natura
765 3032 860 3097 etiam
874 3031 1042 3120 ignoratur
1058 3031 1138 3118 phis.
1155 3029 1221 3120 ΙΙΙ.1

200 3133 264 3233 1’ρζ
289 3143 397 3218 2001).
442 3143 606 3226 ἀναγκαῖον
628 3142 840 3233 ἀγνοουμένης
860 3143 958 3233 αὐτῆς
972 3139 1149 3227 ἀγνοεῖσθαι
1170 3141 1219 3208 καὶ

198 3253 254 3344 τὴν
282 3255 384 3341 φύσιν.
428 3253 553 3344 Κινηαιχς
579 3263 688 3320 autem
717 3254 831 3322 latiore
859 3277 957 3319 sensu
987 3263 1106 3345 sumta,
1135 3273 1218 3341 quae

197 3364 383 3459 mutationis
400 3365 594 3457 (μεταβολη)
617 3365 741 3432 notioni
763 3364 911 3455 proxima
933 3373 996 3452 est,
1020 3360 1143 3455 species
1165 3360 1217 3428 ha·

268 3620 305 3690 4⁰)
325 3622 355 3674 cf.
373 3619 586 3690 ilrendelenburg.
604 3620 679 3690 ,hira
696 3617 790 3673 Beier
806 3617 828 3675 Ῑ.
845 3635 870 3690 p.
889 3618 948 3678 108.

266 3709 304 3776 ¹¹)
323 3709 574 3777 carrendelenburg.
585 3725 674 3762 comm.
686 3709 718 3760 de
726 3707 809 3760 anime
817 3727 842 3777 p.
849 3710 901 3766 304
909 3709 983 3777 „hist
992 3703 1084 3762 Bata!
1093 3707 1115 3760 l.
1123 3725 1149 3776 p.
1158 3701 1215 3765 160.

1353 461 1355 606 l
