2818 4160
585 175 775 239 ..4-

168 348 246 437 quid
269 348 379 414 enim‘?
403 371 481 412 num
504 346 544 411 ab
568 347 630 411 alio
654 367 750 433 quam
774 321 814 408 ab
839 342 1012 408 Aristotele
1034 341 1193 406 inductio·

171 476 256 544 nem,
281 483 377 546 quam
402 469 515 524 contra
536 457 625 522 illum
642 457 755 543 jactat,
779 453 924 540 recepit?
940 464 1104 519 -tamen
1121 453 1190 516 Ari·

168 571 314 636 stotelem
347 593 411 634 uon
446 567 551 632 minus
586 589 683 654 quam
705 547 875 632 Platonem
907 565 1039 650 indiguo
1074 573 1192 628 tractat

167 681 275 749 modo.
305 681 454 766 Namque
477 676 563 742 haud
586 685 716 742 veretur
732 677 838 742 dicere
864 675 1104 762 »philosophiae
1120 675 1192 740 Ari·

169 795 291 861 stotelis
315 804 346 859 et
368 792 513 857 Platonis
536 801 700 877 tamquam
720 790 849 854 tabulae
865 811 906 854 ex
922 788 1056 852 materia
1071 788 1191 852 leviore

169 917 201 972 et
222 906 327 971 minus
351 905 452 970 solida
473 927 531 992 per
543 905 670 969 ‘fluctus
685 913 869 989 temporum
886 912 1030 967 servatae
1046 900 1190 978 sunt.«1⁶)

170 1017 260 1083 ldem
286 1015 446 1081 existimat
463 1014 719 1102 »philosophiam
734 1013 923 1095 naturalem,
945 1035 1041 1100 quam
1058 1034 1077 1075 a
1093 1007 1192 1076 Grae-

170 1128 215 1194 cis
239 1127 430 1214 accepimus,
454 1126 625 1214 pueritiam
646 1127 808 1215 quandam
831 1125 985 1190 scientiae
1001 1122 1125 1188 censeri
1147 1131 1192 1187 at-

169 1261 232 1327 que
255 1239 372 1304 habere
394 1237 428 1303 id
451 1238 538 1326 quod
561 1238 729 1326 proprium
752 1261 927 1325 puerorum
949 1247 998 1302 est
1013 1245 1049 1300 ut
1065 1234 1105 1300 ad
1120 1257 1191 1319 gar·
1214 1243 1217 1247 '

169 1351 318 1418 riendum
340 1363 477 1440 promta,
501 1351 541 1416 sd
564 1350 786 1440 generandum
809 1349 958 1415 inhabilis
974 1359 1006 1413 et
1022 1349 1192 1412 immatura

171 1463 283 1548 sit.r¹⁷)
338 1463 473 1551 »Itaque
500 1463 623 1530 ¹citetur
651 1463 839 1529 Aristoteles
862 1462 1016 1548 pessimus
1040 1456 1191 1546 sophista,

170 1573 276 1641 inutili
299 1576 475 1644 subtilitate
491 1580 656 1660 attonitus
678 1576 850 1642 verborum
865 1575 928 1640 vile
943 1571 1189 1654 ludibriumsw)

169 1685 194 1752 J
197 1709 326 1753 amvero
350 1687 377 1752 si
399 1687 448 1752 vir
471 1669 614 1776 lingenii
637 1687 756 1768 divinia
773 1686 935 1752 Lelbnitio
952 1694 1033 1749 teste
1049 1683 1103 1763 (cl.
1118 1704 1192 1746 eou-

173 1795 304 1864 fession.
327 1806 461 1862 naturae
478 1821 510 1884 p.
526 1798 569 1862 45
583 1795 675 1884 Erd.)
699 1795 739 1863 de
760 1795 933 1862 Aristotele
956 1795 1016 1859 hac
1036 1789 1194 1878 judicavit

171 1907 306 1991 ratione,
330 1906 610 1991 minimemirum,
634 1908 660 1972 si
684 1907 737 1973 ulii
759 1905 890 1994 ingenio
906 1904 1008 1971 multo
1024 1904 1193 1969 inferiores

170 2016 302 2083 moduni
336 2040 469 2105 prorsus
503 2028 727 2101 excesserunt,
762 2018 860 2084 veluti
882 2017 1028 2083 Nizolius
1058 2015 1091 2080 in
1114 2015 1195 2080 anti-

170 2129 309 2196 barbaro
332 2129 566 2218 philosophico,
590 2151 686 2217 quem
710 2130 794 2196 1553
816 2129 960 2216 scripsit,
991 2128 1035 2192 ita
1057 2127 1126 2192 fere
1143 2127 1194 2213 ju-
1231 2196 1234 2202 ,

172 2241 257 2307 dicat
280 2241 378 2307 immo
401 2264 479 2308 vero
503 2241 581 2308 dicit
605 2241 880 2323 contumelisszll)
906 2239 956 2306 »Ο
979 2239 1063 2306 bone
1086 2237 1191 2301 Deusl

172 2353 251 2441 quid
274 2352 412 2418 hominis
435 2364 505 2418 erat
524 2351 585 2416 iste
606 2350 823 2416 Aristoteles?
846 2350 1039 2438 Dispcream
1061 2347 1120 2412 nisi
1143 2367 1191 2410 ar-

170 2462 273 2527 bitror
306 2463 336 2527 ei
370 2461 536 2526 decretum
569 2461 668 2526 luisse
702 2469 738 2526 ut
766 2469 798 2526 et
827 2483 861 2526 se
890 2460 994 2548 ipsum
1018 2457 1192 2526 scribendis

170 2573 265 2661 nugis
296 2582 328 2639 et
357 2573 495 2638 lectores
519 2573 639 2638 eisdem
660 2571 806 2660 legendis
828 2571 990 2638 incassum
1014 2571 1191 2659 fatigaret«

170 2723 212 2736 -
235 2682 415 2750 Leibnitius
438 2683 472 2749 in
495 2682 629 2772 epistola
651 2683 791 2772 quadam
813 2684 854 2749 sd
876 2682 1097 2750 Remundium
1119 2681 1194 2747 scri·

169 2796 304 2884 pta-(cf.
327 2793 406 2860 Erd.
429 2819 459 2882 p.
472 2797 534 2862 725
545 2796 591 2880 b.)
615 2818 650 2861 se
672 2804 781 2861 narrat
802 2816 904 2880 puero
928 2791 1103 2880 discipulos
1121 2813 1193 2856 can·

170 2917 271 2972 tasse:
297 2905 448 2974 Summus
460 2906 651 2972 Aristoteles
664 2905 759 2971 Pluto
775 2913 807 2970 et
818 2902 991 2991 Euripides
1007 2901 1193 2968 ceciderunt

169 3017 203 3082 in
226 3018 432 3106 profundum.
445 3057 486 3068 -
506 3015 573 3084 Sed
596 3016 672 3082 satis
696 3015 736 3081 de
757 3014 948 3081 testimoniis
969 3010 1193 3079 contemtionis

169 3128 369 3217 antiquitatis
403 3129 492 3194 hisce
525 3126 720 3215 injucundis.
763 3128 880 3214 Longe
913 3125 1034 3190 alienus
1067 3123 1123 3188 ab.
1138 3121 1194 3186 illa

170 3248 257 3304 certe
280 3249 349 3304 erat
370 3238 560 3321 Leibnitius,
585 3238 640 3326 qui
662 3238 781 3322 exiis,
805 3238 860 3326 qui
883 3234 1066 3302 Aristotelis
1090 3231 1190 3320 μέσον

239 3430 276 3496 16)
295 3432 351 3484 eo&
368 3431 389 3484 I.
408 3430 496 3497 sphor.
516 3432 557 3484 77.
576 3447 602 3496 p.
620 3431 662 3484 76.

240 3514 277 3577 1⁷)
297 3515 410 3581 Cogitata
428 3523 456 3566 et
471 3515 526 3566 visa
542 3533 568 3582 p.
586 3515 646 3571 585.
665 3513 705 3567 erl.
724 3514 798 3582 Lips:
819 3513 895 3568 1694.

237 3597 275 3662 ¹⁸)
295 3600 406 3667 impetus
424 3601 569 3668 philosoph.
587 3617 612 3667 p.
631 3600 691 3654 738.
709 3599 748 3650 cd.
766 3599 837 3666 Lips.

238 3685 274 3752 19)
292 3684 337 3736 lib.
354 3685 399 3741 IV.
417 3703 443 3753 p.
463 3687 522 3740 294.
540 3685 571 3736 cf.
588 3685 677 3741 Leibn.
696 3701 756 3752 opp.
774 3685 813 3739 ed.
830 3683 936 3740 Dutens.
953 3691 1014 3739 tom.
1031 3685 1074 3738 lv.
1092 3702 1118 3752 p·
1139 3683 1182 3737 74.
