2818 4160
562 155 773 219 ,51-

148 334 269 392 tamen
292 335 435 392 veterum
456 323 572 391 rationi
596 323 843 413 philosophandi
864 337 941 392 tunc
964 330 1059 396 etiam
1081 329 1180 398 tidem

155 436 335 504 servabat.
360 435 442 502 Cum
466 435 551 502 enim
575 458 714 522 corpora
729 437 799 500 sint
820 435 915 519 vires,
937 437 987 501 vis
1009 450 1117 505 autem
1139 442 1182 508 sit

154 546 352 633 principium
374 546 583 612 immateriale
606 556 641 612 ut
658 545 762 612 dicam
778 546 883 612 minus
899 547 1007 629 latine,
1031 549 1106 634 quia
1123 573 1182 614 »ec

155 681 268 724 carum
289 679 399 721 rerum
419 681 548 722 numero
572 671 618 723 cst
639 681 720 743 quae
742 681 803 723 nou
819 657 1050 744 sinapioatsoae
1066 658 1124 722 sed
1137 659 1183 724 iu-

159 769 282 838 tellectu
305 764 527 856 ellanpuoterc
552 768 607 853 (de
630 769 701 855 ipsa
722 777 837 834 natura
852 791 883 854 p.
903 768 988 856 156),
1011 769 1100 858 leges
1117 791 1183 834 mo·
1241 786 1245 794 '

157 890 210 946 tus
235 881 439 948 mechanicae
466 878 553 946 haud
582 879 746 946 sufficiunt
773 878 815 944 ad
843 889 929 946 recte
956 879 1184 968 philosophan-

157 991 235 1058 dum
258 1002 289 1058 et
310 993 526 1058 recentiorum
549 992 689 1058 rationes
711 991 957 1057 mathematicae
981 993 1181 1077 conjungan-

155 1113 210 1170 tur
231 1125 364 1169 necesse
394 1115 442 1169 est
472 1127 547 1169 cum
575 1103 756 1176 Aristotelis
788 1102 965 1191 principiis.
1012 1102 1065 1168 Ob
1094 1101 1182 1191 quod
1284 1113 1286 1118 ’

155 1199 293 1304 epistula
317 1216 397 1281 1691
423 1215 557 1302 scripta,
582 1237 645 1301 qua
668 1215 812 1300 corporis
843 1215 1015 1280 essentiam
1039 1213 1124 1280 haud
1147 1213 1182 1280 in

155 1326 346 1392 extensione
369 1327 437 1392 sola
460 1328 635 1392 consistere
659 1325 793 1408 evincit,
822 1336 933 1391 monet
953 1348 995 1390 ne
1013 1325 1051 1389 in
1074 1325 1182 1412 physi-

156 1437 203 1502 cis
226 1437 381 1523 prinoipia
405 1437 520 1502 altiora
535 1437 792 1525 incorporeaque
801 1439 839 1520 ¹⁹)
864 1443 1122 1519 contemnantur,
1146 1447 1183 1503 ut

155 1569 229 1612 cum
252 1547 345 1613 multi
367 1549 481 1614 melius
504 1546 544 1612 de
565 1547 770 1635 philosophia
798 1549 938 1613 naturali
964 1546 1182 1613 recentiorum

156 1659 421 1746 (corpusculaire)
446 1659 628 1726 existiment
650 1670 719 1725 turn
742 1660 939 1724 recentiores
962 1658 1181 1746 cognitionem

152 1780 288 1837 naturae
311 1771 510 1858 conjungant
533 1769 712 1858 cognitioni
728 1765 890 1837 effectoris
905 1780 1050 1838 naturae.
1085 1769 1181 1836 Leib-

154 1879 235 1945 nitio
258 1891 328 1945 erat
356 1879 396 1944 ab
425 1880 517 1946 initio
540 1881 760 1968 propositum,
790 1891 825 1946 ut
847 1881 1058 1948 Aristotelem
1081 1890 1180 1947 statu·

153 1998 277 2071 entem,
305 1990 395 2076 leges
425 1990 634 2056 mechanismi
655 1991 743 2057 haud
773 2013 813 2056 ex
837 1994 971 2056 materia
1001 1992 1092 2073 oriri,
1122 1991 1180 2056 sed

156 2121 254 2165 causa
288 2098 374 2166 finali
408 2099 551 2165 adhibita
584 2111 731 2166 naturam
764 2099 892 2166 demum
921 2123 1017 2188 posse
1041 2101 1178 2189 concipi,

154 2210 341 2278 conciliaret
363 2211 455 2277 novis
480 2209 689 2300 philosophis,
714 2209 769 2298 qui
793 2233 906 2276 causas
923 2211 1097 2278 efficientes
1113 2233 1179 2276 om-

151 2323 241 2389 nium
265 2321 356 2410 quasi
379 2321 577 2410 regnatrices
603 2321 793 2388 reddebant.
838 2321 915 2388 Jam
944 2320 1047 2410 prima
1075 2322 1180 2387 adole-

153 2434 289 2515 scentia,
316 2436 364 2499 uti
391 2434 658 2516 ostendebamus,
686 2434 718 2499 id
749 2434 816 2521 egit
842 2443 879 2499 ut
901 2433 1047 2500 ultimum
1071 2455 1180 2498 rerum

152 2541 398 2608 tundamentum
415 2545 523 2609 Deum
547 2543 780 2609 demonstraret
795 2567 875 2627 esse,
899 2545 975 2630 quia
990 2553 1106 2610 natura
1125 2535 1177 2611 sin

152 2663 298 2721 extrema
321 2675 494 2739 corporum
517 2653 714 2720 resolutione
738 2654 800 2720 Dei
823 2655 942 2720 auxilio
963 2677 1074 2721 carcre
1089 2677 1175 2720 non«

150 2775 268 2854 posset.
315 2765 386 2831 Nec
419 2765 524 2831 minus
558 2775 670 2854 postea
704 2766 736 2830 in
770 2760 903 2852 physica
931 2789 1046 2832 causae
1076 2765 1175 2847 finali,

152 2899 249 2965 quam
271 2885 436 2967 tamquam
451 2877 601 2944 inutilem
617 2875 822 2966 sterilemque
845 2877 907 2944 viri
921 2876 1082 2964 ingeniosi
1097 2886 1176 2939 tunc

152 2989 305 3076 temporis
333 2989 522 3074 rejiciebant
551 2991 605 3070 (cf.
628 2990 746 3057 introd.
770 2990 943 3072 nostram),
975 2987 1040 3051 vim
1063 2984 1176 3052 tribuit

151 3121 311 3185 magnam,
336 3125 435 3189 quum
460 3124 519 3166 »cre
542 3102 685 3166 consiliis
707 3113 846 3164 ceturae
863 3098 1004 3164 manento
1017 3095 1174 3182 oumfra-

142 3221 205 3273 ctn
219 3209 405 3298 induperans
418 3188 653 3298 pulcherrimos
668 3213 784 3298 quibua
799 3211 905 3274 utitur
920 3208 1069 3295 tepescet
1086 3205 1177 3271 -uFa‘-

142 3320 257 3385 nalem
278 3345 492 3388 causamme
516 3335 640 3388 tontum
653 3321 811 3408 prodesse
834 3319 880 3384 ad
899 3320 1050 3384 virtutem
1066 3332 1095 3384 ct
1102 3319 1176 3404 pie·

220 3597 255 3665 19)
273 3598 312 3651 les
324 3599 449 3666 principes
461 3597 622 3651 immateriels
635 3603 660 3648 et
672 3595 814 3664 supericurs
832 3595 864 3647 er.
876 3613 901 3663 p.
915 3595 994 3650 neb.
1007 3594 1075 3662 apud
1087 3591 1174 3644 Erdm.
1246 3631 1247 3636 ,

220 3683 257 3751 2⁰)
276 3684 395 3738 Leibnitii
412 3683 640 3736 animadversiones
657 3683 718 3750 opp.
735 3681 794 3734 oua.
812 3681 845 3734 Π.
864 3681 925 3736 132.

987 3763 1023 3819 4.

1352 3714 1354 3723 ’
