2818 4160
640 141 856 207 ..50-

231 324 282 402 τῷ
293 316 427 399 σώματι.
464 306 535 380 Nec
550 313 656 380 minus
672 312 860 379 Aristoteles
877 311 1072 403 ἐντελεχειαν
1085 313 1118 378 in
1133 312 1276 401 egendo

231 423 492 514 perficiendoque
523 425 640 514 posuit.
692 424 817 491 Temen
846 425 1000 492 Leihnitii
1030 421 1196 513 ingenium
1234 425 1273 490 in

230 559 289 603 sue
318 537 520 625 philosophia
550 535 725 602 condendo
744 537 926 604 Aristotelis
956 547 1097 603 mentem
1121 537 1271 624 reliquit.

230 651 280 714 Ao
308 650 448 738 primum
476 647 607 736 quidem
637 647 724 735 quod
755 647 949 714 entelechias
981 670 1037 714 seu
1063 645 1224 714 monades
1250 671 1271 712 a

229 760 360 845 θνναρει
383 769 509 847 separet
532 758 819 846 sufficientiomqne
840 759 881 823 iis
896 757 1051 825 coneedit
1075 758 1268 848 »propriam

230 872 321 959 quusi
351 871 469 936 vitem«
500 871 538 940 iis
570 869 751 938 concedens
759 871 799 952 Π)
831 872 872 937 ab
900 871 1079 938 Aristotele
1110 879 1159 936 est
1186 870 1268 936 elie

228 1005 317 1048 num.
361 981 491 1046 Deinde
521 982 703 1048 Aristotelis
738 991 879 1049 mentem
910 983 944 1046 in
973 1003 1065 1047 suem
1101 981 1267 1048 convertit

229 1091 426 1174 doctrinam,
467 1115 566 1179 quum
606 1096 662 1182 τὴν
696 1093 886 1183 ἐντελέχειαν
924 1095 1053 1181 πρώτην
1093 1102 1266 1180 tamquam

227 1202 294 1267 vim
328 1202 559 1289 interpretetur
591 1203 787 1291 primitivam
819 1204 874 1283 (of.
911 1225 995 1292 quoe
1027 1225 1126 1292 supro
1159 1225 1264 1292 expo-

228 1313 333 1393 suim.)
373 1313 470 1400 Apud
502 1314 711 1380 Aristotelem
741 1320 798 1404 τῆς
831 1314 1023 1405 ἐντελεχείας
1044 1317 1175 1404 πρώτης
1197 1314 1265 1380 elic

228 1436 298 1491 eret
331 1425 420 1492 ratio.
477 1424 603 1504 Quodsi
635 1426 668 1490 in
703 1425 785 1492 libro
819 1425 859 1491 de
892 1426 1000 1491 anima
1022 1425 1066 1492 ΙΙ.
1101 1429 1141 1505 (1
1171 1431 1192 1508 ξ
1220 1427 1261 1506 5)

226 1535 272 1602 ite
310 1535 422 1603 definit
459 1539 543 1628 pepp
581 1538 663 1603 ἐστιν
703 1538 876 1628 ἐντελέχεια
914 1541 934 1626 ἡ
965 1539 1074 1626 πρώτη
1109 1539 1263 1622 σώματος

227 1651 358 1734 φυσικοῦ
402 1649 533 1732 δυνάμει
570 1651 654 1738 ζωὴν
691 1648 834 1738 ἔχοντος,
879 1649 1051 1740 ἐντελέχεια
1088 1651 1108 1738 ἡ
1146 1651 1259 1735 πρώτη

228 1757 388 1844 signifieat
417 1759 654 1845 possessionem
677 1781 760 1846 quae
781 1782 848 1823 nou
871 1759 904 1822 in
926 1769 1017 1824 motu
1040 1769 1103 1842 eet,
1136 1758 1257 1823 etenim

162 1946 163 1951 χ
228 1869 425 1936 entelecheie
452 1868 557 1956 prime
587 1879 619 1934 et
647 1869 788 1965 secunde
814 1879 905 1934 cetus
932 1869 1064 1958 quidem
1085 1879 1163 1935 eunt
1181 1891 1259 1958 per·

229 1977 313 2061 secti,
343 1967 497 2044 differunt
524 1989 632 2045 autem
661 1979 746 2046 inter
768 1999 803 2046 se
825 1979 1098 2067 quemadmodum
1121 1979 1255 2045 scientie

227 2091 396 2180 quiescens
427 2091 606 2180 (ἐπιστήμη)
635 2101 666 2157 et
695 2091 930 2179 contemplatio
960 2101 1050 2156 mota
1077 2088 1254 2177 (θεωρεῖν),

226 2202 328 2268 nltera
349 2201 447 2268 hebet
469 2213 503 2268 et
524 2201 678 2289 possidet,
703 2202 804 2268 altera
825 2202 864 2268 iis
883 2223 966 2290 quoe
981 2202 1079 2268 hahet
1093 2202 1205 2270 utitur.
1216 2201 1253 2285 18)

314 2315 365 2378 Ite
394 2313 519 2378 enimus
548 2335 647 2400 quum
675 2312 810 2399 quiescit
841 2313 987 2400 corporis
1010 2323 1059 2378 est
1081 2313 1254 2404 ἐντελέχεια

226 2428 336 2512 πρώτη
371 2447 476 2511 neque
506 2425 592 2488 enim
623 2447 752 2511 semper
780 2424 857 2512 egit.
911 2423 1019 2503 Quare
1048 2425 1252 2493 Aristoteles:

231 2545 342 2599 ructus
377 2532 507 2621 quidam
542 2543 592 2600 est
625 2543 660 2598 ut
694 2535 950 2621 contemplatio‚»
976 2545 1089 2602 ..etz
1126 2535 1253 2624 »vigilie

225 2645 357 2734 quidem
380 2669 453 2710 eum
476 2645 758 2735 contemplatione,
781 2667 913 2712 somnos
935 2669 1014 2712 vero
1030 2669 1104 2712 oum
1121 2647 1253 2714 scientie

226 2758 412 2845 operatione
436 2767 571 2824 vacante
593 2758 691 2824 hebet
706 2757 967 2827 similitudinem«
984 2758 1025 2824 de
1041 2759 1148 2824 anima
1162 2757 1216 2842 ΙΙ.,
1234 2759 1250 2825 l

225 2869 279 2952 §5
294 2869 372 2958 αὕτη
393 2871 450 2953 (so.
467 2871 652 2960 έντελεχεια)
668 2871 790 2952 λέγεται
805 2871 909 2960 θιχῶς,
930 2871 950 2958 ἡ
963 2871 1024 2956 μὲν
1040 2872 1087 2940 ὡς
1100 2870 1251 2958 ἐπιστήμη

223 2983 243 3070 ἡ
267 2981 302 3045 θ’
318 2983 365 3052 ὡς
385 2983 420 3044 τὸ
443 2980 579 3068 θεωρεῖν
602 2968 742 3067 φανερὸν
758 2979 812 3044 οὖν
827 2980 875 3044 ὅτι
889 2981 935 3051 ὡς
956 2981 1118 3070 ἐπιστήμῃ.
1143 2981 1175 3046 ἐν
1191 2981 1249 3066 γὰρ

223 3099 272 3178 τῷ
286 3093 436 3181 ὑπάρχειν
457 3091 512 3180 τὴν
536 3089 637 3180 ᾠυχὴν
660 3092 722 3154 καὶ
745 3089 842 3162 ὕπνος
862 3093 925 3156 καὶ
947 3091 1137 3178 ἐχρὴχορσίς
1158 3093 1247 3165 ἐστιν,

224 3202 418 3286 ἀνάλογον
439 3201 507 3290 d’r)
527 3201 586 3287 μὲν
607 3201 799 3291 ἐγρήγορσις
820 3210 866 3288 τῷ
888 3199 1038 3289 θεωρεῖν,
1065 3201 1141 3288 ὁδ’
1158 3201 1251 3270 douo<

224 3321 272 3398 τῷ
294 3311 374 3402 ἔχειν
398 3315 446 3376 καλ
464 3313 510 3402 μὴ
533 3311 681 3401 ἐνερχεῖν.
705 3351 746 3361 -

313 3405 648 3490 Leihnitius·-etiemsi
678 3425 816 3490 inventis
843 3425 1062 3490 recentiorum
1085 3424 1247 3505 utebatur,

221 3557 428 3568 —u-—n--u-

294 3597 319 3636 rt
401 3633 450 3648 ,,
521 3635 528 3650 ,

292 3600 332 3749 13))
349 3598 563 3752 hrdndhlehdhrg.
582 3699 677 3736 comm:
696 3683 727 3736 st
746 3700 812 3750 quse
830 3682 964 3752 dispulerit
980 3699 1006 3752 p.
1024 3683 1076 3739 314
1092 3689 1118 3735 et
1134 3682 1194 3738 315.
