2818 4160
567 175 780 240 ..53-

146 345 274 411 eodem
293 345 381 411 'redit
404 325 662 412 consideratione
685 345 861 431 sapientiae
885 343 1011 414 divinae
1025 355 1058 415 in
1074 375 1183 418 rerum

147 456 271 522 ordine
295 460 355 540 (oa
371 479 405 520 ee
427 459 486 543 qai
505 469 551 520 eat
573 457 610 520 la
629 461 726 521 meme
739 457 829 522 cleosa
846 456 884 520 de
900 457 934 520 la
948 460 1184 526 consideration

149 567 196 633 de
219 569 253 632 la
275 579 405 655 aupeaae
428 567 537 632 doctiss
559 576 650 651 etc),
682 566 768 632 haud
791 579 941 653 accurate
965 567 1106 654 judicari
1126 591 1184 657 po-

149 686 224 746 test
246 680 466 763 deuniverso,
489 702 554 744 non
578 680 689 766 magis·
703 701 799 766 quam
824 679 864 744 de
886 679 1034 744 aedificio
1057 679 1118 744 nisi
1140 681 1186 746 ef·

153 792 447 858 fectoris'consilia
469 793 680 881 exquirantur
704 799 795 871 (suaa
818 806 922 858 eutrer
945 793 1028 858 duna
1056 793 1100 857 lea
1116 793 1187 878 fias

159 902 201 966 da
230 903 444 988 l’arolu'tecte).
489 905 592 970 Recte
621 904 710 970 addit
737 903 850 970 eodem
878 905 951 971 loco
982 906 1015 969 in
1038 905 1185 970 Platonis

156 1015 334 1080 Phaedone
342 1014 578 1080 Anaximandri
589 1017 679 1103 rejici
690 1017 883 1083 sententiam
896 1017 1007 1104 figuris
1019 1019 1186 1082 materiae»

162 1147 227 1212 que
248 1125 389 1190 molibus
413 1127 555 1191 contenti
578 1149 682 1214 neque
705 1126 797 1192 aliter
820 1127 964 1212 cogitare
992 1147 1094 1204 novos
1117 1126 1187 1212 phi-

157 1237 360 1322 losophostt)
385 1237 472 1315 (c’eat
488 1239 660 1323 jactemoat
683 1239 710 1302 le
733 1261 789 1303 aaa
813 1242 894 1322 ...).
940 1240 980 1304 In
1003 1241 1096 1304 novis
1119 1249 1186 1304 ten-

158 1347 333 1414 taminibtis
357 1347 397 1412 de
420 1349 603 1436 cognitione
626 1349 1186 1436 humana17045criptichckium

160 1458 417 1546 reprehendite)
440 1460 526 1546 quod
548 1483 614 1524 non
629 1460 691 1525 nisi
715 1459 755 1526 de
778 1483 874 1526 causa
895 1461 1055 1526 efficiente
1070 1472 1186 1526 tracta·

160 1571 204 1635 rit
226 1579 259 1635 et
286 1571 416 1636 finalem
450 1571 593 1636 omiserit
626 1582 658 1636 et
692 1571 857 1637 consilium
894 1571 1188 1660 cogitationemque

161 1683 259 1748 rebus
282 1683 385 1748 inesse
401 1683 592 1770 neglexerit,
617 1704 717 1769 quum
733 1683 886 1769 cogitatio
903 1683 1189 1748 oausamesficien·

159 1803 225 1859 tem
247 1793 365 1880 dirigat
388 1817 454 1876 seu,
477 1807 513 1859 ut
535 1795 598 1859 alie
621 1795 693 1860 loco
702 1795 740 1878 21)
764 1795 851 1876 dicit,
876 1817 992 1860 causae
1008 1795 1187 1860 efficientes

162 1905 325 1991 pendeant
347 1928 367 1969 a
388 1905 547 1972 finalibus.
592 1907 630 1970 In
654 1907 769 1972 eodem
790 1907 874 1973 libro
898 1929 997 1994 quum
1009 1910 1077 1990 jam
1093 1917 1186 1972 antea

165 2014 292 2097 169811)
309 2016 537 2079 commercium
554 2016 803 2080 substantiarum
820 2039 876 2081 seu
891 2017 1083 2082 monadum»
1105 2017 1193 2080 orira'

159 2146 219 2212 per
241 2148 424 2190 eonsensum
451 2139 557 2190 ortum
579 2149 600 2188 u
623 2125 735 2190 delitiae
749 2125 1047 2211 praeformatione«
1071 2124 1192 2190 indica·

164 2237 206 2302 rit
227 2237 329 2302 fusius
353 2235 393 2303 de
421 2237 589 2302 harmonia
618 2259 787 2302 causarum
818 2236 958 2300 finalium
986 2237 1091 2323 (regni
1119 2257 1192 2321 gra·

164 2349 227 2412 tiae
248 2350 291 2413 cf.
315 2371 444 2414 causam
468 2349 531 2414 Dei
552 2374 582 2437 p.
593 2350 659 2415 656
681 2349 776 2436 End.)
799 2358 831 2413 et
847 2347 1061 2413 efficientium
1083 2348 1190 2434 (regni

166 2465 298 2522 naturae
327 2460 381 2541 ib.)
405 2483 424 2523 a
445 2471 553 2526 monte
581 2461 689 2525 divina
720 2459 939 2548 praestabilita
961 2469 1087 2526 tractat.
1123 2460 1190 2526 ·At-

169 2587 232 2652 que
253 2568 286 2630 in
309 2569 566 2634 consideratione
588 2571 628 2635 de
650 2571 735 2636 vitae
758 2570 923 2657 principiis
932 2573 971 2650 ⁹⁸)
1003 2571 1086 2639 1705
1114 2571 1197 2636 scri«

167 2686 224 2764 pta
250 2699 356 2766 neque
383 2701 519 2766 reguum
555 2681 667 2746 statuit
699 2703 871 2749 causarum
905 2682 1112 2748 efficientium
1134 2701 1190 2745 ne-

166 2811 228 2876 que
271 2789 414 2856 finalium
448 2813 508 2878 per
543 2813 577 2856 se
612 2793 680 2860 sine
714 2792 844 2858 alterius
878 2793 998 2858 auxilio
1032 2791 1191 2869 sufficere,

166 2901 239 2988 quia
273 2925 315 2968 ex
336 2903 437 2968 lente
469 2903 572 2969 fluant
606 2911 761 2982 (emanent
788 2903 882 2968 dame
903 2926 1013 2968 source
1030 2955 1036 2968 .
1054 2953 1060 2968 .
1078 2953 1084 2968 .
1102 2903 1124 2983 .)
1158 2901 1192 2965 in

167 3009 230 3076 qua
253 2988 300 3058 vis
324 3011 406 3074 quae
429 3011 554 3067 causas,
566 2989 743 3056 efficientes
757 2989 873 3077 gignat
888 2985 1092 3073 etsapientia
1107 3004 1191 3072 quae

241 3163 276 3229 24)
296 3163 325 3215 cf.
343 3163 418 3216 etiam
437 3162 550 3215 discours
569 3163 600 3212 de
618 3161 809 3229 metaphysique
831 3161 906 3228 apud.
926 3157 1070 3210 Grotet'end.
1088 3175 1113 3225 p.
1135 3156 1191 3212 175.

168 3246 211 3300 ubi
229 3249 261 3300 de
277 3249 334 3299 loco
350 3249 410 3302 illo:
425 3287 431 3301 .
447 3287 471 3303 ..
490 3248 588 3301 semble
606 3249 658 3300 etro
675 3249 720 3300 tait
742 3247 832 3314 expres
857 3253 942 3300 contre
959 3262 1006 3296 nos
1027 3243 1193 3312 philosophae

168 3339 222 3399 trop
240 3333 366 3388 materiola
385 3364 416 3374 -
435 3335 466 3388 cf.
484 3334 560 3388 lettre
577 3337 593 3386 1
609 3331 696 3401 Bayle.
715 3351 741 3400 p.
763 3335 811 3390 106
829 3333 854 3384 1).
872 3332 1009 3386 Erdmann.
1063 3340 1066 3349 '

236 3416 273 3480 27)
292 3435 366 3472 nour.
385 3421 463 3472 essais
481 3421 514 3471 Il.
534 3421 566 3474 22
585 3419 617 3470 ΙΙ,
637 3420 678 3476 26.

235 3501 271 3567 ²⁶)
293 3503 354 3557 llll
374 3505 407 3554 ad
425 3495 545 3572 Bierling*
556 3522 581 3570 p.
602 3505 653 3558 678
671 3503 731 3555 End.

234 3589 268 3656 17)
286 3589 326 3642 De
350 3590 405 3656 ipsa
427 3599 515 3642 natura
532 3607 557 3657 p.
578 3590 626 3645 157
643 3591 667 3640 b.
686 3589 750 3638 ma

236 3675 273 3741 ²⁸5
293 3674 366 3731 1705.
386 3692 447 3743 „sur
457 3675 496 3726 les
508 3675 636 3741 principes
648 3673 683 3725 da
693 3673 750 3726 rie¹⁴
762 3673 791 3728 al.
807 3689 869 3739 opp.
880 3672 988 3728 Dalana
1001 3671 1049 3727 rol,
1063 3671 1095 3724 Π.
1113 3685 1138 3734 Ρ.
1151 3669 1194 3720 ll·

1385 2201 1396 2404 t

1355 2412 1396 2796 l
