2818 4160
508 165 833 268 -ss-'

91 371 339 439 Nicomachum
353 370 499 438 Platonis
522 372 660 438 amicum
684 395 764 456 esse,
788 384 823 439 ut
844 375 969 441 dicatur
990 379 1024 442 in
1039 379 1128 447 Ethi-

95 483 149 549 cis
178 505 278 571 quum
309 492 434 548 constet
456 482 664 548 Aristotelem
686 483 823 550 Platone
854 485 928 550 vivo
959 484 1042 550 filios
1064 511 1129 556 non

94 593 283 682 suscepisse
315 593 369 657 ssi
387 591 554 659 Platonem
577 595 716 660 amicum
736 610 864 662 uocaret
887 597 1073 661 caeremon
1095 600 1132 662 li-

96 706 176 770 bros
198 706 268 789 ejas
290 701 358 768 sibi
377 725 546 770 carcereos
562 719 643 770 esset
657 729 714 770 cur
730 730 836 772 umore
850 707 1000 773 veritatis
1015 707 1132 773 crimea

96 816 243 882 violatae
266 817 430 881 amicitiae
455 831 631 883 excusaret.
675 819 834 884 Amicitia
862 821 945 884 enirn
972 819 1056 884 sister
1081 815 1132 882 lto-

96 928 218 992 miaem
246 940 276 992 ct
303 927 422 992 librum
450 951 522 992 vere
549 929 642 994 uella
669 943 746 998 est«-
791 930 961 997 Pertinent
986 930 1067 996 haec
1090 927 1132 994 ad

100 1039 205 1105 verba
226 1039 282 1104 illa
304 1039 437 1127 egregia
459 1039 533 1104 libri
553 1042 577 1106 I.
601 1041 664 1106 eth.
680 1041 744 1110 nic.
768 1065 794 1110 e.
818 1043 910 1111 4...
935 1043 1134 1129 προσάντονς

99 1153 160 1239 τῆς
189 1151 352 1239 ζητήσεως
381 1151 432 1214 διὰ
460 1153 494 1215 τὸ
525 1153 634 1238 φίλους
654 1153 775 1242 ἄνδρας
797 1156 972 1239 εἰσαγαγεῖν
992 1153 1030 1218 τὰ
1053 1150 1132 1242 εἴδη,

101 1261 265 1341 (Platonis
289 1261 328 1328 de
350 1261 429 1328 ideis
453 1262 631 1330 doctrinam
653 1265 826 1354 improbat)
850 1267 955 1340 δόξειε
970 1264 1037 1329 dds
1056 1263 1134 1336 ἴσως

100 1373 228 1458 βέλτιον
256 1373 332 1438 εἶναι
361 1376 496 1439 caldeis
527 1377 575 1440 ἐπὶ
603 1377 745 1466 σωτηρίᾳ
771 1399 808 1460 γε
831 1382 887 1467 τῆς
908 1373 1061 1466 ἀληθείας
1081 1375 1130 1438 καλ

101 1486 143 1549 τὰ
170 1486 298 1550 οἰκεῖα
327 1487 465 1572 ἀναιρεῖν
494 1486 597 1558 ἄλλως
624 1489 730 1552 τεκαὶ
751 1487 1002 1574 φιλοσόφους
1023 1485 1132 1556 ὄντας·

104 1595 222 1683 inpetu
244 1597 305 1684 γὰρ
328 1596 428 1662 ὄντοιν
451 1597 551 1684 φίλοιν
573 1599 659 1661 ὅσιον
675 1601 826 1684 προτιμᾶν
842 1600 895 1686 τὴν
913 1595 1073 1687 ἀλήθειαν.
1091 1635 1131 1646 -

105 1707 260 1774 Venimus
295 1729 381 1773 nunc
417 1707 459 1773 ad
492 1707 722 1797 exponendum
756 1730 839 1796 quae
873 1707 1052 1774 Leibnitius
1086 1705 1127 1772 ab

104 1817 282 1884 Aristotele
305 1819 439 1906 dejure
467 1817 690 1907 philosophico
721 1820 887 1907 receperit.
932 1817 1128 1885 Leibnitium

103 1928 346 1996 adolescentem
367 1936 435 2014 jam
458 1931 563 1996 studio
583 1930 666 2018 juris
688 1930 842 1997 naturalis
865 1952 901 1994 se
923 1949 1130 1995 consecrasse

106 2039 354 2126 Aristotelisque
371 2039 534 2123 doctrinas
549 2039 611 2104 hac
626 2041 723 2105 etiam
737 2040 771 2104 in
786 2063 821 2104 re
836 2040 1017 2125 respexisse
1033 2061 1132 2124 supra
1210 2087 1213 2092 ,

106 2149 261 2234 diximus3
284 2173 345 2215 nec
368 2160 515 2237 tempore
537 2149 578 2214 de
600 2171 665 2237 quo
681 2171 768 2213 nunc
791 2148 923 2234 agimus,
947 2146 1058 2213 deerat
1072 2145 1129 2214 illi.

105 2257 202 2339 Quod
224 2283 266 2326 ex
288 2261 471 2348 fragmento
502 2261 589 2327 circa
614 2261 693 2328 1671
725 2257 893 2348 scriptoll)
916 2259 968 2324 eui
998 2258 1039 2324 ab
1067 2257 1130 2324 edi·

105 2371 222 2452 torell)
243 2372 434 2460 inscriptum
458 2383 507 2438 est
536 2371 702 2438 »definitio
719 2372 801 2460 juris
824 2370 1035 2437 universalis«
1060 2392 1130 2458 per-

108 2481 254 2570 spicuum
278 2494 336 2548 est.
381 2483 531 2571 Epistula
553 2485 648 2550 etiam
670 2483 837 2550 Hobbesio
860 2482 980 2571 scripta
1001 2480 1130 2548 Leibni-

107 2592 168 2660 tius
190 2615 224 2658 se
247 2617 322 2659 cum
345 2594 445 2660 amieo
470 2617 550 2681 opus
569 2592 843 2681 jurisprudentiae
874 2592 1128 2658 rationalis-mo-

108 2703 156 2771 liri
188 2703 356 2787 narrat,⁵⁵)
392 2726 465 2770 cum
505 2704 683 2771 observarit
718 2725 866 2792 magnam
900 2725 1129 2793 responsorum

108 2835 186 2906 quae
208 2817 250 2886 in,
264 2816 441 2885 Pandectis
464 2826 655 2884 conservata
676 2815 740 2881 sint
762 2825 887 2903 partem
910 2837 952 2880 ex
967 2833 1056 2880 mero
1075 2835 1129 2876 na·

109 2936 196 2994 turae
214 2931 288 3015 jure
311 2929 490 3012 collectam,
513 2928 591 2995 item
613 2927 647 2994 in
670 2925 741 2994 aliis
756 2926 947 3014 epistulistt)
970 2927 1130 2992 elementa

106 3039 186 3126 juris
206 3041 361 3108 naturalis
392 3059 427 3107 se
447 3041 539 3108 brevi
561 3033 705 3107 declarat
727 3041 835 3107 libello
857 3035 1028 3124 complecti
1044 3033 1129 3122 cogi·

111 3159 198 3234 tare„
217 3152 332 3237 quibus
356 3152 464 3218 omnia
479 3175 520 3218 ex
536 3153 611 3218 solis
627 3152 866 3230 definitionibus
891 3149 1129 3219 »demonstren-

176 3369 212 3435 53)
232 3369 443 3437 lrendelenburg.
462 3369 536 3432 „hist
556 3367 640 3421 Beit.“
659 3369 692 3422 Π.
711 3367 770 3424 281.

177 3456 214 3520 ⁶4)
234 3456 446 3524 Trendeleuburg.
463 3457 482 3510 l.
502 3475 522 3508 c.
541 3457 572 3508 Il.
592 3457 651 3512 265.

176 3544 213 3607 5⁵)
233 3542 370 3594 Guhrauer.
389 3543 440 3594 vita
456 3543 487 3596 Il.
507 3545 540 3598 6⁸2
559 3560 617 3608 app.

176 3629 214 3694 5⁶)
237 3631 299 3684 1671
320 3628 353 3679 sd
370 3628 474 3678 Amald.
495 3629 560 3682 1673
579 3627 612 3676 sd
630 3628 755 3676 loannem
774 3624 894 3674 Friderie.
913 3622 944 3674 cf.
963 3621 1031 3687 apud
1050 3619 1129 3668 Treu—
1244 3659 1247 3666 r

114 3715 205 3770 deleub.
224 3715 242 3768 l.
261 3734 281 3772 c.
299 3715 332 3767 ΙΙ.
352 3715 405 3770 280
421 3721 447 3765 et
463 3713 514 3768 258

960 3790 977 3842 3
