2818 4160
641 201 854 266 ..66-

327 369 443 438 Restat
465 393 551 438 nuno
574 381 610 437 ut
631 370 672 436 de
694 370 802 456 logica
824 369 1006 436 Aristotelis
1029 369 1106 457 qnid
1129 371 1285 436 senserit

240 505 452 572 exponamus.
504 482 582 573 Jam
611 505 691 570 puer
721 492 892 568 antequam
921 481 954 546 in
983 479 1060 546 alias
1088 479 1281 568 inquireret

241 593 402 676 scientias,
410 595 448 672 ³⁹)
473 591 721 680 cogitationibus
737 591 851 679 logicis
867 601 970 657 totum
987 614 1022 658 se
1038 591 1126 658 dedit
1140 591 1276 680 haeque

240 706 364 792 primae
386 703 608 770 inclinationes
628 713 665 768 ut
679 704 748 790 ipse
764 703 861 768 tradit
877 703 1025 790 (historia
1040 703 1118 792 ling.
1134 705 1271 770 charae-

241 827 300 882 ter.
324 839 354 904 p.
380 816 449 880 162.
473 819 524 900 a),
553 825 666 902 postea
693 837 820 902 semper
848 812 1000 880 altissime
1023 815 1141 880 infixae
1163 816 1270 882 menti

240 928 381 994 haesere.
422 925 605 994 Aristotelis
627 937 734 992 autern
757 924 855 992 libros
879 925 918 992 de
944 927 1051 1014 logica
1081 937 1218 1014 agentes
1250 952 1269 992 a

239 1037 347 1124 pueris
369 1061 471 1124 usque
493 1037 533 1102 ad
557 1046 737 1103 extremum
760 1037 844 1102 vitae
873 1048 999 1124 tempus
1028 1038 1137 1124 magni
1167 1039 1265 1103 aesti-

238 1169 344 1213 masse
373 1147 626 1214 luculentissime
655 1149 756 1213 multa
790 1158 950 1214 testantur
986 1151 1116 1236 scripta.
1145 1187 1189 1198 -
1218 1149 1266 1215 Se

240 1281 376 1347 puerum
399 1257 666 1343 praedicamentis
688 1257 887 1341 Aristotelis,
912 1279 993 1346 quae
1020 1261 1161 1348 appellat
1187 1283 1262 1348 ger·

242 1370 367 1436 manica
399 1369 621 1434 »Mastarrolle
644 1370 725 1434 aller
750 1370 852 1458 Diope
880 1369 936 1433 der
970 1371 1087 1452 Wetq«
1119 1372 1263 1436 maxime

241 1481 417 1547 delectasse
434 1480 601 1568 Wagnero
617 1481 727 1576 scribit
745 1483 825 1548 1696
843 1483 885 1568 (p.
899 1483 972 1549 420.
985 1505 1012 1548 a.
1026 1479 1121 1569 End.)
1134 1505 1260 1548 eorum-

237 1615 300 1680 que
323 1593 443 1657 auxilio
466 1604 579 1658 narret
601 1592 640 1657 ad
664 1593 927 1658 exercitationem
950 1617 984 1658 se
1005 1595 1189 1680 pervenisse
1211 1593 1260 1659 di-

234 1701 366 1767 visionis
394 1713 425 1768 et
454 1703 679 1768 subdivisionis
703 1704 1065 1791 (nAftaret‘ntdet'lonpc)
1088 1718 1199 1792 atque,
1223 1717 1260 1770 ut

238 1813 345 1878 statim
369 1813 557 1895 videbimus,
579 1813 612 1878 in
635 1815 727 1878 novis
751 1827 829 1880 tent.
854 1816 1114 1903 praedicamenta
1144 1827 1258 1882 contra

233 1923 392 1988 dekium
415 1935 531 1990 tuetur.
571 1925 610 1990 In
633 1924 760 2013 scriptis
780 1928 987 2012 juvenilibus,
1011 1951 1094 2015 quae
1117 1929 1157 1993 ad
1178 1929 1256 2012 logi-

236 2037 307 2100 cam
331 2045 487 2123 spectant,
511 2059 561 2102 ex.
577 2059 625 2122 gr.
647 2036 680 2102 in
699 2035 959 2102 »definitionibus
974 2039 1107 2126 logicis«
1127 2051 1159 2104 et
1175 2037 1254 2102 adif-

235 2148 430 2214 ficultatibus
453 2149 587 2236 logicis«
613 2171 707 2237 saepe
724 2150 932 2214 Aristotelem
949 2150 1092 2236 respexit
1108 2151 1162 2227 (of.
1179 2173 1251 2218 nov.

233 2259 330 2326 moth.
354 2281 467 2347 supra3
492 2283 587 2326 nouv.
611 2283 672 2327 ess.
695 2260 753 2341 IV,
779 2263 806 2342 1,
829 2282 861 2347 p.
877 2261 977 2327 3391).
1008 2261 1101 2325 Dans
1122 2255 1252 2348 majen-

231 2393 329 2452 nesae,
353 2367 479 2454 lorsque
494 2369 690 2456 j’dplncltat'e
712 2391 762 2434 cea
784 2371 914 2454 elosae.)
949 2373 1097 2459 Epistula
1120 2373 1160 2436 ad
1175 2372 1251 2436 Bos-

238 2479 320 2544 sium
344 2481 427 2544 1710
450 2479 571 2566 datae)
595 2481 640 2545 ita
661 2482 727 2545 fere
750 2481 861 2546 scribit
883 2485 917 2546 st'
936 2497 1123 2570 orpumenta
1145 2484 1251 2570 bajua-

236 2589 326 2654 modi
337 2589 541 2655 Aristotelian
562 2613 648 2655 more
671 2591 716 2656 ad
728 2591 874 2678 formam
897 2593 1032 2680 Iopt'com
1054 2593 1249 2681 redifferrem,

232 2703 343 2766 statim
378 2702 555 2768 concidunt.
603 2705 708 2790 Atque
742 2703 812 2768 ideo
849 2700 983 2790 topicam
1015 2705 1250 2770 Aristotelicum

231 2814 342 2877 merito
377 2813 508 2879 laudus
563 2816 767 2903 Lessingium
806 2817 1033 2896 audiamtrs241)
1075 2816 1248 2882 »Leibnitz

231 2947 299 2989 war
322 2947 385 2989 von
410 2924 566 2990 Kindheit
589 2925 647 2990 auf
666 2927 697 2989 in
727 2925 836 2990 diesen
860 2927 991 2992 Waffen
1015 2929 1048 3007 (i.
1072 2951 1100 2994 e.
1124 2928 1248 3015 syllogi·
1366 2939 1367 3032 J

232 3036 327 3101 sticis'
342 3035 468 3119 formis)
489 3035 591 3122 gebbt
614 3035 680 3100 und
703 3059 776 3102 man
800 3037 902 3120 weiss,
927 3037 1000 3102 dass
1024 3062 1058 3103 er
1073 3041 1125 3104 nie
1143 3039 1248 3124 autge-

299 3279 335 3346 ³9)
353 3279 434 3341 „hina
451 3279 552 3346 linguae
571 3281 627 3334 ch.“
645 3297 669 3346 p.
689 3281 738 3336 163
751 3299 772 3332 at
791 3280 851 3333 Erd.
871 3280 1099 3346 „quemadmodum
1110 3280 1173 3331 mihi
1191 3295 1247 3332 eon-

228 3363 295 3431 tigit,
314 3364 400 3429 quiin
424 3363 506 3430 logica
523 3374 657 3432 occupatus
679 3367 762 3418 adhue
784 3383 848 3433 puer
869 3367 980 3418 nondum
999 3367 1103 3420 moralia
1122 3375 1167 3418 ant
1184 3367 1246 3434 phy·

231 3451 322 3503 sica..
340 3450 494 3516 attigeram.“
781 3507 786 3518 ,
1013 3497 1017 3506 .
1115 3445 1118 3450 ’

302 3534 338 3599 ⁴0)
358 3553 397 3600 op.
416 3536 523 3588 Dutens.
541 3545 593 3588 tom
612 3537 655 3588 VI.
673 3555 698 3603 p.
718 3538 766 3592 189
786 3536 894 3601 epistula
912 3539 953 3592 25.

297 3618 334 3685 41)
353 3621 384 3674 cs.
397 3623 513 3690 Lessing.
531 3623 599 3690 „Des
616 3623 730 3674 Andreas
745 3621 974 3674 wissowatius...“
985 3651 1016 3662 -
1032 3621 1164 3674 Schristen.
1184 3621 1246 3677 1825

227 3705 260 3760 V.
278 3721 305 3771 p.
322 3705 378 3762 59..
1255 3709 1258 3714 '
