2818 4160
595 168 809 234 „44-

185 347 334 406 naturam
362 338 507 426 eorporis
537 339 666 427 concipi
695 362 760 406 non
788 362 901 427 posse,
931 339 1143 428 doctrinaque
1175 339 1234 408 de

186 449 372 516 substantiis
395 449 592 537 simplicibus
610 449 743 538 ingenio
758 471 817 516 suo
835 460 918 516 esset
933 450 1081 536 probate,
1103 461 1231 516 temen

185 558 420 647 philosophiam
442 582 560 626 novam
584 560 617 626 in
638 561 786 626 notitiam
809 559 952 628 omnium
975 561 1120 630 noudum
1140 583 1229 648 pro·

185 671 266 754 tulit,
289 671 346 738 sed
362 670 472 737 amicis
488 679 614 736 mutum
629 671 889 738 communicavit.
926 669 1037 750 Quare
1052 693 1135 760 quae
1150 671 1229 738 sibi

185 781 283 848 vellet
305 780 485 848 entelechia
510 781 602 847 multi
632 781 719 846 haud
748 791 1002 869 perspexerunt,
1028 781 1075 848 its¹
1100 781 1227 848 scribit

185 890 285 958 Pirot.
309 891 351 957 ad
373 891 531 959 Pelisson.
553 891 684 972 mete)
710 891 771 960 »Je
793 891 944 959 voudrais
966 893 1042 979 qu’il
1063 891 1226 980 imprimo

187 1001 310 1066 bieutbt
332 1023 370 1067 ce
393 1002 469 1090 qu'il
497 1025 631 1091 mar-que
660 1025 706 1068 en
728 1025 802 1090 pro
806 1004 880 1090 jet,
907 1007 943 1089 je
964 1002 1117 1070 voudrais
1138 1003 1223 1086 voir

184 1111 215 1178 le
238 1110 470 1178 ddchifrement
491 1111 531 1180 de
553 1111 806 1180 l’indechifrable
829 1113 1002 1204 ἐντελέχεια
1025 1117 1044 1203 ἡ
1066 1115 1218 1202 πρώτῃ(

183 1220 228 1287 Et
250 1221 437 1288 Pelissonns
459 1223 621 1290 Leibnitio
648 1224 763 1290 eodem
785 1246 870 1290 anno
892 1225 1101 1292 Aristotelem
1124 1234 1220 1290 ente·

182 1332 320 1400 lechiam
348 1356 413 1398 non
436 1356 475 1399 eo
499 1357 563 1422 quo
587 1334 768 1402 Lcibnitius
791 1335 889 1402 modo
911 1335 1109 1402 intellexisse
1131 1333 1217 1400 indi·

184 1453 244 1512 cat.
261 1445 451 1512 Aristoteles
466 1445 562 1529 enim,
574 1446 621 1511 uti
636 1444 796 1514 Pelisson.
811 1443 983 1533 exponitl)
999 1443 1218 1512 entelechiam

182 1577 250 1620 non
276 1555 338 1621 nisi
368 1554 409 1621 ad
438 1578 577 1645 corpora
605 1555 736 1622 adhibet
766 1555 921 1643 organice
941 1577 1026 1642 quae
1048 1554 1134 1620 vitae
1155 1555 1215 1620 lra-

183 1666 281 1732 beaut
302 1676 427 1753 partem
451 1666 616 1752 (capablea
639 1665 761 1732 d’avoir
783 1663 815 1731 la
837 1665 912 1748 vie),
936 1688 1036 1753 quum
1055 1664 1216 1732 Loibnitii

182 1776 231 1842 vis
254 1798 312 1842 seu
335 1769 437 1842 virtus
460 1777 564 1862 (force
587 1799 629 1842 ou
652 1778 759 1859 vertu)
782 1777 824 1844 ad
848 1775 956 1842 omnia
978 1797 1117 1864 corpora
1138 1797 1214 1864 per-

182 1886 291 1954 tineat.
336 1885 515 1952 Leibnitius
543 1885 577 1952 in
598 1886 685 1953 hunc
706 1886 776 1952 sere
797 1886 931 1954 modum
954 1885 1144 1974 respondet,
1175 1896 1215 1952 ut

182 1995 322 2084 primum
352 1997 560 2064 Aristotelem
592 1996 742 2064 laudibus
773 2008 866 2065 ornet
895 2006 1105 2084 veterumque
1135 2017 1215 2062 con·

182 2115 337 2174 temtcres
352 2108 558 2197 perstringet
589 2109 698 2176 Verba
712 2119 825 2176 notatu
849 2108 948 2197 digua
969 2117 1051 2174 suut
1065 2106 1212 2192 haec:¹⁰)

184 2219 346 2286 »Ariatcte
377 2222 457 2286 orata
489 2220 811 2307 incomparoblemeut
825 2218 905 2306 plue
930 2218 1037 2314 debile
1061 2241 1121 2304 que
1136 2217 1212 2304 plu-

182 2330 288 2395 sieurs
321 2354 359 2394 ue
387 2345 529 2416 pausent.
585 2332 626 2398 Je
652 2333 720 2395 oon
750 2351 810 2416 que
839 2329 1003 2415 beaucoup
1031 2327 1069 2394 de
1096 2349 1213 2414 yeuace

181 2461 258 2526 perra
280 2453 408 2504 coureot
430 2446 526 2526 apres
548 2441 583 2506 lo·
603 2441 738 2506 muttire
753 2439 872 2506 ¹subtile
887 2453 917 2506 ct
932 2440 978 2506 les
987 2440 1089 2526 petits
1102 2439 1211 2526 plebea

183 2547 222 2612 de
248 2548 419 2616 Descortca
444 2573 534 2638 pour
565 2552 657 2618 coot'r
691 2550 730 2616 dc
762 2553 841 2637 quoi
865 2551 983 2638 parler
1010 2563 1040 2616 et
1060 2572 1149 2638 pour
1176 2571 1212 2614 ae

182 2658 300 2724 ᾱοππον
328 2659 356 2724 le
386 2659 472 2726 droit
498 2661 538 2727 de
559 2663 714 2748 mdprt'eer
736 2662 781 2726 lae
804 2662 932 2728 occicus
954 2675 984 2728 ct
1006 2660 1045 2726 de
1067 2660 1210 2749 odylipcr

182 2769 368 2836 l'lrudc'tioa
391 2771 474 2857 qo's'l
484 2771 648 2858 faudrait
664 2785 820 2860 pourtout
829 2773 948 2864 pulcer
963 2771 1045 2838 daus
1060 2771 1105 2838 lae
1119 2793 1210 2838 cour·

182 2903 262 2949 coar
297 2918 339 2932 -
375 2880 505 2948 Deinde
538 2881 707 2950 Aristoteli
746 2881 956 2950 entelechiam
993 2904 1064 2952 esse
1099 2895 1209 2948 actum

183 2989 294 3058 statuit
322 2991 507 3082 oppositum
535 2991 642 3059 nudae
671 2993 835 3080 potentiae
865 2993 1056 3082 (possibilite
1077 3015 1142 3060 uuo
1164 3013 1207 3057 cu

181 3101 254 3166 ela
276 3101 444 3191 capacite),
467 3123 568 3190 quare
589 3103 630 3169 ab
647 3102 824 3170 Aristotele
846 3105 931 3172 illam
955 3103 1054 3172 tribui
1076 3103 1207 3168 sedoni-

182 3210 259 3294 bus,
288 3222 324 3277 ut
354 3212 396 3279 sit
422 3223 547 3297 motus,
577 3213 785 3301 qualitatibus
808 3223 950 3296 (comme
972 3215 1004 3280 la
1025 3213 1153 3280 soisnce
1174 3221 1207 3278 et

181 3326 319 3404 verto),·
333 3322 540 3411 singulariter
567 3323 698 3410 animis,
727 3347 809 3413 quas
836 3324 1020 3393 consideret
1041 3334 1206 3412 tamquam

264 3495 291 3561 8)
310 3513 370 3566 opp.
386 3495 447 3572 Dut.
465 3495 485 3548 l.
504 3497 563 3554 729.

264 3581 289 3651 ⁹)
305 3581 366 3636 Dut
385 3599 445 3652 opp.
462 3584 483 3639 I.
502 3585 561 3640 tte.

252 3668 486 3740 NJtapwh
