2818 4160
553 193 764 259 -21-

147 367 211 434 tiae
239 387 306 432 non
339 365 444 433 solum
478 365 582 432 ethius
602 386 716 431 verum
744 365 840 431 etium
867 365 1050 452 theologius
1071 368 1172 435 admi·

14 478 41 512 '
148 479 266 546 'seuerit
276 477 483 565 principiae)
500 474 745 555 Quamobrem
761 476 880 542 seriore
903 486 1009 542 aetate
1031 479 1169 545 ethicum

147 589 330 658 Aristotelis
342 612 408 654 non
420 588 597 678 perfectam
608 610 678 654 esse
692 588 805 653 statuit
823 589 877 666 (cf.
888 585 1051 653 Ineditum
1060 588 1168 671 infre).

233 701 316 768 Jnm·
343 699 378 766 in
411 699 555 788 seriptis,
590 721 672 786 quae
704 722 791 764 nunc
819 708 1014 785 sequuntur,
1041 696 1076 762 id
1105 699 1173 785 egit

153 823 274 895 noster,
297 822 466 879 utcontra
489 811 692 895 recentiores,
716 809 770 899 qui
788 810 1020 896 »phoenomena
1041 822 1173 874 nutura·

150 924 199 989 liu
226 945 281 989 eeu
309 945 347 988 eu
376 945 457 1008 quae
484 923 519 988 e'u
546 921 732 1008 ooo-poribus
765 921 970 1008 appareutffi)
1024 921 1092 986 Deo
1114 943 1178 986 uon

150 1036 316 1124 supposito
339 1033 502 1120 euplieuri
513 1037 634 1119 poeoe“
656 1033 826 1119 putebant,
856 1032 1052 1099 demonstret
1081 1031 1178 1097 ratio-

150 1169 225 1212 nem
247 1144 552 1211 mechanismiheud
566 1143 618 1208 »in
629 1144 863 1211 mathematicis
875 1143 1079 1232 physicisque
1097 1143 1178 1231 legi·
1261 1187 1263 1192 -

152 1259 232 1324 bus«
257 1256 408 1340 inveniri3
425 1255 570 1322 similiter
586 1265 682 1342 etque
698 1256 892 1323 Aristoteles
914 1256 1178 1322 materialismum

152 1367 417 1435 naturalisterum
438 1365 647 1453 antiquorum
670 1376 846 1454 oppugnat,
870 1369 925 1453 qui
948 1368 1106 1433 elementa
1128 1389 1177 1433 so·

153 1481 221 1546 lum
243 1501 415 1566 corporum
437 1477 617 1564 posuerint,
639 1478 905 1565 incorporeorum
927 1499 1004 1545 vero
1034 1477 1175 1562 minime,

154 1613 254 1678 quum
277 1589 374 1656 etiem
396 1589 589 1676 incorporee
607 1589 681 1654 sint.
714 1589 855 1677 metaph.
878 1590 940 1674 1,8
962 1595 1025 1656 τῶν
1040 1591 1101 1676 γὰρ
1116 1613 1175 1654 σω-

155 1704 267 1788 μάτων
296 1702 336 1766 τὰ
358 1703 493 1791 στοιχεῖα
515 1698 652 1764 τιθέασιν
677 1701 775 1785 μόνον
798 1705 859 1766 τῶν
887 1701 1101 1787 δ’ἀσωμάτων
1128 1680 1196 1778 οὔ,Ι

153 1811 252 1879 ὄντων
282 1815 330 1878 καὶ
362 1815 540 1900 ἀσωμάτων
573 1812 625 1877 καί
645 1857 654 1878 .
671 1866 704 1884 ..
740 1817 810 1902 περὶ
838 1815 961 1880 πάντων
992 1815 1179 1901 φυστσλσ·

154 1927 316 2008 rudore<
337 1927 372 1988 τὸ
394 1930 451 2013 τῆς
472 1925 624 2013 κινήσεως
645 1923 739 1988 αἴτιον
767 1925 955 2012 ἀναιροῦσιν.
1001 1923 1108 2003 Quam
1137 1924 1179 1990 ad

155 2056 225 2098 rem
246 2033 444 2099 Leibnitium
465 2034 636 2098 autoritate
662 2034 846 2099 Aristotelis
872 2036 1078 2102 vehementer
1106 2057 1176 2100 esse

156 2143 344 2222 excitatum,
366 2143 453 2210 haud
473 2144 605 2210 dubium
628 2143 882 2210 est—Eviuoit
904 2154 1013 2210 autem
1035 2145 1180 2210 »confes-

156 2255 245 2322 sione
267 2267 402 2321 neturee
425 2264 539 2322 contre
560 2255 733 2321 etheistesr
760 2256 843 2322 1668
867 2256 988 2342 scripte
1006 2277 1047 2321 ex
1064 2277 1177 2343 eorpo-

155 2388 228 2432 rum
250 2381 373 2449 neturu,
397 2367 424 2430 ei
446 2367 590 2433 extensio
613 2367 683 2432 sole
703 2365 872 2432 essentium
890 2366 1033 2454 eorporis
1049 2365 1178 2450 efficiet,

160 2477 316 2542 rationem
339 2476 430 2542 reddi
453 2500 518 2542 non
540 2500 635 2565 posse
660 2486 766 2543 eertee
788 2477 821 2544 in
844 2477 883 2542 iis
913 2477 1037 2564 figurae
1060 2485 1092 2543 et
1114 2499 1181 2541 ma·

156 2585 350 2674 gnitudinie3
375 2609 417 2652 ex
437 2597 553 2652 natura
567 2585 698 2675 quidem
713 2587 859 2676 eorporis
874 2587 1087 2653 mobilitatem
1102 2587 1180 2652 oriri

157 2720 218 2764 noe
241 2695 363 2781 videre,
385 2695 442 2762 sed
464 2719 537 2764 non‘
552 2698 658 2786 ipsum
680 2709 812 2764 motum.
857 2697 957 2784 Cujus
980 2697 1026 2763 rei
1055 2697 1183 2784 exposi-

156 2809 201 2874 tio
231 2831 304 2874 eum
334 2808 604 2876 demonstratione
626 2810 822 2877 Aristotelea
854 2807 951 2896 primi
984 2808 1118 2873 motoris
1140 2807 1182 2870 si·

157 2919 372 2986 militudinem
394 2920 492 2986 habet
513 2920 696 2988 maximam.
743 2915 800 2988 ssi
822 2920 934 2989 dieunt
962 2933 1080 3005 eorpus
1108 2937 1182 3002 pro-

161 3031 303 3117 positum
326 3023 450 3098 motum
473 3053 543 3098 esse
565 3029 606 3096 ab
634 3043 764 3098 aeterno
793 3054 858 3096 non
881 3038 1014 3118 apparet
1037 3048 1095 3091 our
1115 3047 1181 3090 nou

159 3141 267 3228 potius
291 3142 449 3229 quieverit
478 3141 519 3206 ab
549 3153 694 3222 amomo,
724 3143 772 3206 ein
803 3142 843 3207 ab
866 3141 929 3206 alio
951 3145 1040 3203 moto
1063 3157 1182 3224 eorpus

159 3251 419 3319 moveri'dieunt
437 3252 536 3340 idque
549 3241 676 3318 [iterum
699 3254 739 3317 eb
762 3252 826 3317 alio
848 3251 882 3316 in
909 3249 1071 3316 infinitum
1100 3248 1182 3316 refe-

159 3369 235 3426 runt
258 3361 434 3428 rationemu
458 3363 656 3444 (Aristotelis
670 3362 825 3512 βῖαὸιεῒται
873 3360 1082 3448 εῖςᾶπειρσν).
1114 3361 1183 3427 Ens

552 3471 554 3477 ·
670 3471 728 3514 εσι

172 3533 366 3545 n--t-——nn

228 3611 266 3678 31)
283 3613 314 3666 of.
334 3613 552 3682 {trendelenburgr
570 3613 645 3682 „hiet
663 3611 756 3668 Beitr.“
775 3613 807 3668 ΙΙ.
825 3615 886 3669 247.

227 3698 263 3766 δί)
282 3697 414 3754 Confessio
431 3715 457 3767 p·
475 3701 509 3756 45
527 3699 613 3753 nrum.
824 3725 826 3730 ·
