<?xml version="1.0" encoding="UTF-8"?>
<!DOCTYPE html PUBLIC "-//W3C//DTD XHTML 1.0 Transitional//EN"
    "http://www.w3.org/TR/xhtml1/DTD/xhtml1-transitional.dtd">
<html xmlns="http://www.w3.org/1999/xhtml" xml:lang="en" lang="en">
 <head>
  <title>
</title>
<meta http-equiv="Content-Type" content="text/html;charset=utf-8" />
  <meta name='ocr-system' content='tesseract 3.04.00' />
  <meta name='ocr-capabilities' content='ocr_page ocr_carea ocr_par ocr_line ocrx_word'/>
</head>
<body>
  <div class='ocr_page' id='page_1' title='image "./deleibnitiistud00jacogoog_0008.png"; bbox 0 0 2818 4160; ppageno 0'>
   <div class='ocr_carea' id='block_1_1' title="bbox 503 995 816 1250">
    <p class='ocr_par' dir='ltr' id='par_1_1' title="bbox 503 995 816 1250">
     <span class='ocr_line' id='line_1_1' title="bbox 575 995 747 1073; baseline -0.017 0"><span class='ocrx_word' id='word_1_1' title='bbox 575 995 700 1073; x_wconf 75' lang='lat' dir='ltr'><strong>raas</strong></span> <span class='ocrx_word' id='word_1_2' title='bbox 725 997 747 1071; x_wconf 86' lang='grc' dir='ltr'><strong>ι.</strong></span> 
     </span>
     <span class='ocr_line' id='line_1_2' title="bbox 503 1153 816 1250; baseline -0.026 -2"><span class='ocrx_word' id='word_1_3' title='bbox 503 1153 816 1250; x_wconf 78' lang='lat' dir='ltr'><strong>INTRODUCTIO.</strong></span> 
     </span>
    </p>
   </div>
   <div class='ocr_carea' id='block_1_2' title="bbox 152 1343 1193 3430">
    <p class='ocr_par' dir='ltr' id='par_1_2' title="bbox 152 1343 1193 3430">
     <span class='ocr_line' id='line_1_3' title="bbox 239 1343 1176 1436; baseline -0.009 -20"><span class='ocrx_word' id='word_1_4' title='bbox 239 1349 390 1416; x_wconf 82' lang='lat' dir='ltr'><strong>Exeunto</strong></span> <span class='ocrx_word' id='word_1_5' title='bbox 419 1349 524 1416; x_wconf 87' lang='lat' dir='ltr'><strong>media</strong></span> <span class='ocrx_word' id='word_1_6' title='bbox 547 1359 666 1431; x_wconf 89' lang='lat' dir='ltr'><strong>aetate,</strong></span> <span class='ocrx_word' id='word_1_7' title='bbox 697 1371 796 1436; x_wconf 90' lang='lat' dir='ltr'><strong>quum</strong></span> <span class='ocrx_word' id='word_1_8' title='bbox 823 1345 1067 1434; x_wconf 79' lang='lat' dir='ltr'>ingeniosorum</span> <span class='ocrx_word' id='word_1_9' title='bbox 1090 1343 1176 1408; x_wconf 88' lang='lat' dir='ltr'><strong>viro-</strong></span> 
     </span>
     <span class='ocr_line' id='line_1_4' title="bbox 154 1454 1176 1549; baseline -0.009 -23"><span class='ocrx_word' id='word_1_10' title='bbox 154 1485 227 1527; x_wconf 87' lang='lat' dir='ltr'><strong>rum</strong></span> <span class='ocrx_word' id='word_1_11' title='bbox 257 1483 318 1549; x_wconf 90' lang='lat' dir='ltr'><strong>ope</strong></span> <span class='ocrx_word' id='word_1_12' title='bbox 347 1461 496 1526; x_wconf 78' lang='lat' dir='ltr'>scientiae</span> <span class='ocrx_word' id='word_1_13' title='bbox 518 1461 680 1525; x_wconf 82' lang='lat' dir='ltr'><strong>naturales</strong></span> <span class='ocrx_word' id='word_1_14' title='bbox 704 1469 737 1525; x_wconf 89' lang='lat' dir='ltr'><strong>et</strong></span> <span class='ocrx_word' id='word_1_15' title='bbox 759 1456 1002 1523; x_wconf 75' lang='lat' dir='ltr'><strong>mathematicae</strong></span> <span class='ocrx_word' id='word_1_16' title='bbox 1024 1463 1109 1520; x_wconf 87' lang='lat' dir='ltr'><strong>artes</strong></span> <span class='ocrx_word' id='word_1_17' title='bbox 1131 1454 1176 1518; x_wconf 91' lang='lat' dir='ltr'><strong>ui-</strong></span> 
     </span>
     <span class='ocr_line' id='line_1_5' title="bbox 152 1563 1176 1659; baseline -0.008 -23"><span class='ocrx_word' id='word_1_18' title='bbox 152 1573 253 1636; x_wconf 89' lang='lat' dir='ltr'><strong>mium</strong></span> <span class='ocrx_word' id='word_1_19' title='bbox 276 1581 432 1659; x_wconf 85' lang='lat' dir='ltr'><strong>quantum</strong></span> <span class='ocrx_word' id='word_1_20' title='bbox 456 1571 690 1651; x_wconf 85' lang='lat' dir='ltr'><strong>excolerentur,</strong></span> <span class='ocrx_word' id='word_1_21' title='bbox 715 1569 904 1636; x_wconf 85' lang='lat' dir='ltr'><strong>scholastica</strong></span> <span class='ocrx_word' id='word_1_22' title='bbox 927 1563 1176 1656; x_wconf 91' lang='lat' dir='ltr'><strong>philosophandi</strong></span> 
     </span>
     <span class='ocr_line' id='line_1_6' title="bbox 152 1675 1174 1770; baseline -0.004 -24"><span class='ocrx_word' id='word_1_23' title='bbox 152 1682 249 1765; x_wconf 88' lang='lat' dir='ltr'><strong>ratio,</strong></span> <span class='ocrx_word' id='word_1_24' title='bbox 279 1705 362 1770; x_wconf 88' lang='lat' dir='ltr'><strong>quae</strong></span> <span class='ocrx_word' id='word_1_25' title='bbox 394 1707 435 1747; x_wconf 80' lang='lat' dir='ltr'><strong>»a</strong></span> <span class='ocrx_word' id='word_1_26' title='bbox 463 1682 704 1748; x_wconf 74' lang='lat' dir='ltr'><strong>monachalibus</strong></span> <span class='ocrx_word' id='word_1_27' title='bbox 732 1681 886 1746; x_wconf 80' lang='lat' dir='ltr'><strong>claustris</strong></span> <span class='ocrx_word' id='word_1_28' title='bbox 922 1677 1089 1746; x_wconf 72' lang='lat' dir='ltr'><strong>cohibitis«</strong></span> <span class='ocrx_word' id='word_1_29' title='bbox 1119 1675 1174 1762; x_wconf 84' lang='lat' dir='ltr'><strong>(of.</strong></span> 
     </span>
     <span class='ocr_line' id='line_1_7' title="bbox 154 1787 1175 1881; baseline -0.007 -21"><span class='ocrx_word' id='word_1_30' title='bbox 154 1793 294 1860; x_wconf 89' lang='lat' dir='ltr'><strong>Leibuit.</strong></span> <span class='ocrx_word' id='word_1_31' title='bbox 318 1793 359 1858; x_wconf 85' lang='lat' dir='ltr'><strong>ad</strong></span> <span class='ocrx_word' id='word_1_32' title='bbox 382 1793 534 1860; x_wconf 79' lang='lat' dir='ltr'><strong>Thomas.</strong></span> <span class='ocrx_word' id='word_1_33' title='bbox 559 1817 589 1881; x_wconf 85' lang='lat' dir='ltr'><strong>p.</strong></span> <span class='ocrx_word' id='word_1_34' title='bbox 605 1794 648 1859; x_wconf 89' lang='grc'><strong>49</strong></span> <span class='ocrx_word' id='word_1_35' title='bbox 671 1791 722 1860; x_wconf 90' lang='lat' dir='ltr'><strong>ed.</strong></span> <span class='ocrx_word' id='word_1_36' title='bbox 737 1791 929 1876; x_wconf 79' lang='lat' dir='ltr'><strong>Erdmann.)</strong></span> <span class='ocrx_word' id='word_1_37' title='bbox 958 1787 1120 1856; x_wconf 79' lang='lat' dir='ltr'><strong>excercitu</strong></span> <span class='ocrx_word' id='word_1_38' title='bbox 1141 1787 1175 1853; x_wconf 92' lang='lat' dir='ltr'><strong>in</strong></span> 
     </span>
     <span class='ocr_line' id='line_1_8' title="bbox 152 1899 1175 1991; baseline -0.004 -22"><span class='ocrx_word' id='word_1_39' title='bbox 152 1915 355 1989; x_wconf 87' lang='lat' dir='ltr'><strong>portentosas</strong></span> <span class='ocrx_word' id='word_1_40' title='bbox 367 1914 399 1970; x_wconf 90' lang='lat' dir='ltr'><strong>et</strong></span> <span class='ocrx_word' id='word_1_41' title='bbox 409 1903 563 1969; x_wconf 89' lang='lat' dir='ltr'><strong>latrantes</strong></span> <span class='ocrx_word' id='word_1_42' title='bbox 575 1905 779 1991; x_wconf 90' lang='lat' dir='ltr'><strong>quaestiones</strong></span> <span class='ocrx_word' id='word_1_43' title='bbox 786 1904 811 1982; x_wconf 90' lang='lat'><strong>¹)</strong></span> <span class='ocrx_word' id='word_1_44' title='bbox 824 1901 982 1967; x_wconf 87' lang='lat' dir='ltr'><strong>inciderat</strong></span> <span class='ocrx_word' id='word_1_45' title='bbox 997 1899 1055 1967; x_wconf 89' lang='lat' dir='ltr'><strong>sed</strong></span> <span class='ocrx_word' id='word_1_46' title='bbox 1066 1911 1175 1966; x_wconf 83' lang='lat' dir='ltr'><strong>tamen</strong></span> 
     </span>
     <span class='ocr_line' id='line_1_9' title="bbox 153 2009 1178 2099; baseline 0 -25"><span class='ocrx_word' id='word_1_47' title='bbox 153 2031 213 2096; x_wconf 84' lang='lat' dir='ltr'><strong>per</strong></span> <span class='ocrx_word' id='word_1_48' title='bbox 234 2013 363 2076; x_wconf 87' lang='lat' dir='ltr'><strong>saecula</strong></span> <span class='ocrx_word' id='word_1_49' title='bbox 392 2037 450 2097; x_wconf 90' lang='lat' dir='ltr'><strong>pro</strong></span> <span class='ocrx_word' id='word_1_50' title='bbox 474 2013 649 2097; x_wconf 81' lang='lat' dir='ltr'><strong>sapientiae</strong></span> <span class='ocrx_word' id='word_1_51' title='bbox 673 2013 802 2099; x_wconf 83' lang='lat' dir='ltr'><strong>fastigio</strong></span> <span class='ocrx_word' id='word_1_52' title='bbox 839 2013 965 2097; x_wconf 83' lang='lat' dir='ltr'><strong>(Leibu.</strong></span> <span class='ocrx_word' id='word_1_53' title='bbox 988 2009 1106 2078; x_wconf 88' lang='lat' dir='ltr'><strong>introd.</strong></span> <span class='ocrx_word' id='word_1_54' title='bbox 1130 2011 1178 2075; x_wconf 92' lang='lat' dir='ltr'><strong>hi·</strong></span> 
     </span>
     <span class='ocr_line' id='line_1_10' title="bbox 154 2119 1177 2207; baseline 0.001 -22"><span class='ocrx_word' id='word_1_55' title='bbox 154 2129 229 2186; x_wconf 87' lang='lat' dir='ltr'><strong>stor.</strong></span> <span class='ocrx_word' id='word_1_56' title='bbox 252 2143 283 2207; x_wconf 90' lang='lat' dir='ltr'><strong>p.</strong></span> <span class='ocrx_word' id='word_1_57' title='bbox 299 2121 338 2185; x_wconf 90' lang='grc'><strong>91</strong></span> <span class='ocrx_word' id='word_1_58' title='bbox 363 2119 453 2205; x_wconf 76' lang='lat' dir='ltr'><strong>End.)</strong></span> <span class='ocrx_word' id='word_1_59' title='bbox 477 2120 663 2204; x_wconf 84' lang='lat' dir='ltr'><strong>habebatur,</strong></span> <span class='ocrx_word' id='word_1_60' title='bbox 688 2121 838 2188; x_wconf 86' lang='lat' dir='ltr'><strong>exolevit.</strong></span> <span class='ocrx_word' id='word_1_61' title='bbox 884 2121 993 2200; x_wconf 84' lang='lat' dir='ltr'><strong>Quum</strong></span> <span class='ocrx_word' id='word_1_62' title='bbox 1016 2122 1101 2188; x_wconf 89' lang='lat' dir='ltr'><strong>euim</strong></span> <span class='ocrx_word' id='word_1_63' title='bbox 1122 2120 1177 2186; x_wconf 93' lang='lat' dir='ltr'><strong>ho-</strong></span> 
     </span>
     <span class='ocr_line' id='line_1_11' title="bbox 152 2229 1178 2320; baseline 0.002 -26"><span class='ocrx_word' id='word_1_64' title='bbox 152 2229 256 2296; x_wconf 88' lang='lat' dir='ltr'><strong>mines</strong></span> <span class='ocrx_word' id='word_1_65' title='bbox 282 2232 549 2320; x_wconf 77' lang='lat' dir='ltr'><strong>»explicationem</strong></span> <span class='ocrx_word' id='word_1_66' title='bbox 572 2231 868 2320; x_wconf 89' lang='lat' dir='ltr'><strong>phaenomenorum</strong></span> <span class='ocrx_word' id='word_1_67' title='bbox 890 2254 949 2320; x_wconf 90' lang='lat' dir='ltr'><strong>per</strong></span> <span class='ocrx_word' id='word_1_68' title='bbox 965 2253 1077 2297; x_wconf 85' lang='lat' dir='ltr'><strong>causas</strong></span> <span class='ocrx_word' id='word_1_69' title='bbox 1099 2231 1178 2320; x_wconf 91' lang='lat' dir='ltr'><strong>phy-</strong></span> 
     </span>
     <span class='ocr_line' id='line_1_12' title="bbox 155 2340 1173 2432; baseline 0.004 -27"><span class='ocrx_word' id='word_1_70' title='bbox 155 2341 237 2406; x_wconf 89' lang='lat' dir='ltr'><strong>sicas</strong></span> <span class='ocrx_word' id='word_1_71' title='bbox 259 2342 345 2408; x_wconf 89' lang='lat' dir='ltr'><strong>haud</strong></span> <span class='ocrx_word' id='word_1_72' title='bbox 368 2365 388 2408; x_wconf 90' lang='lat' dir='ltr'><strong>a</strong></span> <span class='ocrx_word' id='word_1_73' title='bbox 409 2341 483 2409; x_wconf 90' lang='lat' dir='ltr'><strong>Deo</strong></span> <span class='ocrx_word' id='word_1_74' title='bbox 506 2353 537 2409; x_wconf 88' lang='lat' dir='ltr'><strong>et</strong></span> <span class='ocrx_word' id='word_1_75' title='bbox 558 2341 761 2432; x_wconf 84' lang='lat' dir='ltr'><strong>providentia</strong></span> <span class='ocrx_word' id='word_1_76' title='bbox 782 2340 990 2430; x_wconf 56' lang='lat' dir='ltr'><strong>abducerem)</strong></span> <span class='ocrx_word' id='word_1_77' title='bbox 1013 2353 1173 2408; x_wconf 86' lang='lat' dir='ltr'><strong>naturam·</strong></span> 
     </span>
     <span class='ocr_line' id='line_1_13' title="bbox 155 2451 1178 2544; baseline 0.005 -31"><span class='ocrx_word' id='word_1_78' title='bbox 155 2471 217 2535; x_wconf 91' lang='lat' dir='ltr'><strong>que</strong></span> <span class='ocrx_word' id='word_1_79' title='bbox 245 2451 350 2536; x_wconf 85' lang='lat' dir='ltr'><strong>ipsum</strong></span> <span class='ocrx_word' id='word_1_80' title='bbox 380 2476 450 2519; x_wconf 89' lang='lat' dir='ltr'><strong>esse</strong></span> <span class='ocrx_word' id='word_1_81' title='bbox 474 2455 703 2520; x_wconf 86' lang='lat' dir='ltr'><strong>consulendam</strong></span> <span class='ocrx_word' id='word_1_82' title='bbox 725 2453 957 2544; x_wconf 83' lang='lat' dir='ltr'><strong>intelligerent,</strong></span> <span class='ocrx_word' id='word_1_83' title='bbox 992 2453 1178 2520; x_wconf 79' lang='lat' dir='ltr'><strong>scholastici</strong></span> 
     </span>
     <span class='ocr_line' id='line_1_14' title="bbox 156 2558 1177 2654; baseline 0.01 -32"><span class='ocrx_word' id='word_1_84' title='bbox 156 2558 212 2646; x_wconf 88' lang='lat' dir='ltr'><strong>qui</strong></span> <span class='ocrx_word' id='word_1_85' title='bbox 236 2559 420 2627; x_wconf 78' lang='lat' dir='ltr'><strong>»historiam</strong></span> <span class='ocrx_word' id='word_1_86' title='bbox 443 2571 476 2629; x_wconf 85' lang='lat' dir='ltr'><strong>et</strong></span> <span class='ocrx_word' id='word_1_87' title='bbox 497 2575 631 2629; x_wconf 86' lang='lat' dir='ltr'><strong>naturae</strong></span> <span class='ocrx_word' id='word_1_88' title='bbox 654 2575 687 2630; x_wconf 86' lang='lat' dir='ltr'><strong>et</strong></span> <span class='ocrx_word' id='word_1_89' title='bbox 701 2563 855 2652; x_wconf 87' lang='lat' dir='ltr'><strong>temporis</strong></span> <span class='ocrx_word' id='word_1_90' title='bbox 870 2565 1014 2632; x_wconf 83' lang='lat' dir='ltr'><strong>maxima</strong></span> <span class='ocrx_word' id='word_1_91' title='bbox 1028 2588 1070 2631; x_wconf 87' lang='lat' dir='ltr'><strong>ex</strong></span> <span class='ocrx_word' id='word_1_92' title='bbox 1085 2577 1177 2654; x_wconf 86' lang='lat' dir='ltr'><strong>parte</strong></span> 
     </span>
     <span class='ocr_line' id='line_1_15' title="bbox 154 2668 1177 2761; baseline 0.008 -27"><span class='ocrx_word' id='word_1_93' title='bbox 154 2668 388 2757; x_wconf 58' lang='lat' dir='ltr'><strong>ignorantem)</strong></span> <span class='ocrx_word' id='word_1_94' title='bbox 417 2673 508 2761; x_wconf 90' lang='lat' dir='ltr'><strong>quasi</strong></span> <span class='ocrx_word' id='word_1_95' title='bbox 538 2673 631 2740; x_wconf 87' lang='lat' dir='ltr'><strong>alteri</strong></span> <span class='ocrx_word' id='word_1_96' title='bbox 660 2676 780 2739; x_wconf 90' lang='lat' dir='ltr'><strong>mundo</strong></span> <span class='ocrx_word' id='word_1_97' title='bbox 811 2673 880 2740; x_wconf 90' lang='lat' dir='ltr'><strong>sine</strong></span> <span class='ocrx_word' id='word_1_98' title='bbox 907 2675 972 2741; x_wconf 91' lang='lat' dir='ltr'><strong>ullo</strong></span> <span class='ocrx_word' id='word_1_99' title='bbox 1003 2675 1045 2742; x_wconf 88' lang='lat' dir='ltr'><strong>ad</strong></span> <span class='ocrx_word' id='word_1_100' title='bbox 1077 2677 1177 2744; x_wconf 89' lang='lat' dir='ltr'><strong>vitam</strong></span> 
     </span>
     <span class='ocr_line' id='line_1_16' title="bbox 153 2779 1179 2874; baseline 0.008 -30"><span class='ocrx_word' id='word_1_101' title='bbox 153 2803 215 2845; x_wconf 91' lang='lat' dir='ltr'><strong>usu</strong></span> <span class='ocrx_word' id='word_1_102' title='bbox 244 2779 350 2870; x_wconf 88' lang='lat' dir='ltr'><strong>(Leib.</strong></span> <span class='ocrx_word' id='word_1_103' title='bbox 368 2784 439 2852; x_wconf 88' lang='lat' dir='ltr'><strong>eod.</strong></span> <span class='ocrx_word' id='word_1_104' title='bbox 456 2782 492 2872; x_wconf 93' lang='lat' dir='ltr'><strong>l.)</strong></span> <span class='ocrx_word' id='word_1_105' title='bbox 521 2785 732 2874; x_wconf 87' lang='lat' dir='ltr'><strong>scripserant,</strong></span> <span class='ocrx_word' id='word_1_106' title='bbox 767 2785 799 2851; x_wconf 90' lang='lat' dir='ltr'><strong>in</strong></span> <span class='ocrx_word' id='word_1_107' title='bbox 832 2797 1029 2854; x_wconf 89' lang='lat' dir='ltr'><strong>contemtum</strong></span> <span class='ocrx_word' id='word_1_108' title='bbox 1061 2808 1179 2854; x_wconf 85' lang='lat' dir='ltr'><strong>venere</strong></span> 
     </span>
     <span class='ocr_line' id='line_1_17' title="bbox 155 2862 1177 2988; baseline 0.007 -33"><span class='ocrx_word' id='word_1_109' title='bbox 155 2891 346 2979; x_wconf 80' lang='lat' dir='ltr'><strong>maximum3</strong></span> <span class='ocrx_word' id='word_1_110' title='bbox 369 2895 449 2961; x_wconf 88' lang='lat' dir='ltr'><strong>adeo</strong></span> <span class='ocrx_word' id='word_1_111' title='bbox 471 2906 508 2962; x_wconf 88' lang='lat' dir='ltr'><strong>ut</strong></span> <span class='ocrx_word' id='word_1_112' title='bbox 530 2921 605 2963; x_wconf 92' lang='lat' dir='ltr'><strong>oum</strong></span> <span class='ocrx_word' id='word_1_113' title='bbox 627 2908 723 2964; x_wconf 86' lang='lat' dir='ltr'><strong>antea</strong></span> <span class='ocrx_word' id='word_1_114' title='bbox 745 2862 872 2966; x_wconf 82' lang='lat' dir='ltr'><strong>illorhm</strong></span> <span class='ocrx_word' id='word_1_115' title='bbox 895 2899 1102 2988; x_wconf 87' lang='lat' dir='ltr'><strong>philosophia</strong></span> <span class='ocrx_word' id='word_1_116' title='bbox 1123 2897 1177 2963; x_wconf 86' lang='lat' dir='ltr'><strong>vol</strong></span> 
     </span>
     <span class='ocr_line' id='line_1_18' title="bbox 157 3003 1177 3096; baseline 0.004 -27"><span class='ocrx_word' id='word_1_117' title='bbox 157 3003 264 3091; x_wconf 90' lang='lat' dir='ltr'><strong>potius</strong></span> <span class='ocrx_word' id='word_1_118' title='bbox 287 3003 452 3092; x_wconf 84' lang='lat' dir='ltr'><strong>theologia</strong></span> <span class='ocrx_word' id='word_1_119' title='bbox 466 3007 683 3096; x_wconf 89' lang='lat' dir='ltr'><strong>principatum</strong></span> <span class='ocrx_word' id='word_1_120' title='bbox 706 3003 905 3093; x_wconf 86' lang='lat' dir='ltr'><strong>obtinuisset,</strong></span> <span class='ocrx_word' id='word_1_121' title='bbox 929 3021 1006 3076; x_wconf 91' lang='lat' dir='ltr'><strong>tunc</strong></span> <span class='ocrx_word' id='word_1_122' title='bbox 1029 3013 1099 3092; x_wconf 90' lang='lat' dir='ltr'><strong>ejus</strong></span> <span class='ocrx_word' id='word_1_123' title='bbox 1121 3005 1177 3073; x_wconf 86' lang='lat' dir='ltr'><strong>vix</strong></span> 
     </span>
     <span class='ocr_line' id='line_1_19' title="bbox 157 3113 1179 3207; baseline 0.006 -29"><span class='ocrx_word' id='word_1_124' title='bbox 157 3113 210 3178; x_wconf 82' lang='lat' dir='ltr'><strong>»im</strong></span> <span class='ocrx_word' id='word_1_125' title='bbox 242 3115 467 3203; x_wconf 75' lang='lat' dir='ltr'><strong>relipioaomim</strong></span> <span class='ocrx_word' id='word_1_126' title='bbox 500 3121 700 3185; x_wconf 82' lang='lat' dir='ltr'><strong>coaoeatibua</strong></span> <span class='ocrx_word' id='word_1_127' title='bbox 727 3121 885 3207; x_wconf 78' lang='lat' dir='ltr'><strong>reliquiae</strong></span> <span class='ocrx_word' id='word_1_128' title='bbox 918 3119 980 3184; x_wconf 83' lang='lat' dir='ltr'><strong>siti</strong></span> <span class='ocrx_word' id='word_1_129' title='bbox 1005 3131 1179 3184; x_wconf 82' lang='lat' dir='ltr'><strong>marcentes</strong></span> 
     </span>
     <span class='ocr_line' id='line_1_20' title="bbox 156 3228 1193 3316; baseline 0.006 -26"><span class='ocrx_word' id='word_1_130' title='bbox 156 3241 435 3293; x_wconf 64' lang='lat' dir='ltr'><strong>coacervarentur(</strong></span> <span class='ocrx_word' id='word_1_131' title='bbox 452 3229 581 3308; x_wconf 80' lang='lat' dir='ltr'><strong>(Leibn.</strong></span> <span class='ocrx_word' id='word_1_132' title='bbox 598 3230 639 3296; x_wconf 90' lang='lat' dir='ltr'><strong>de</strong></span> <span class='ocrx_word' id='word_1_133' title='bbox 656 3253 734 3295; x_wconf 83' lang='lat' dir='ltr'><strong>vera</strong></span> <span class='ocrx_word' id='word_1_134' title='bbox 748 3229 898 3296; x_wconf 85' lang='lat' dir='ltr'><strong>methodo</strong></span> <span class='ocrx_word' id='word_1_135' title='bbox 911 3253 942 3316; x_wconf 88' lang='lat' dir='ltr'><strong>p.</strong></span> <span class='ocrx_word' id='word_1_136' title='bbox 957 3231 1019 3294; x_wconf 88' lang='grc'><strong>110</strong></span> <span class='ocrx_word' id='word_1_137' title='bbox 1029 3228 1193 3311; x_wconf 80' lang='lat' dir='ltr'><strong>b.Erd.).&#39;</strong></span> 
     </span>
     <span class='ocr_line' id='line_1_21' title="bbox 155 3337 1177 3430; baseline 0.004 -28"><span class='ocrx_word' id='word_1_138' title='bbox 155 3371 194 3384; x_wconf 85' lang='lat'>-</span> <span class='ocrx_word' id='word_1_139' title='bbox 217 3337 263 3402; x_wconf 79' lang='lat' dir='ltr'><strong>At</strong></span> <span class='ocrx_word' id='word_1_140' title='bbox 291 3360 368 3404; x_wconf 83' lang='lat' dir='ltr'><strong>vero</strong></span> <span class='ocrx_word' id='word_1_141' title='bbox 398 3363 472 3406; x_wconf 90' lang='lat' dir='ltr'><strong>cum</strong></span> <span class='ocrx_word' id='word_1_142' title='bbox 502 3343 622 3430; x_wconf 88' lang='lat' dir='ltr'><strong>rejecto</strong></span> <span class='ocrx_word' id='word_1_143' title='bbox 653 3342 772 3424; x_wconf 86' lang='lat' dir='ltr'><strong>abusu,</strong></span> <span class='ocrx_word' id='word_1_144' title='bbox 796 3351 832 3406; x_wconf 90' lang='lat' dir='ltr'><strong>ut</strong></span> <span class='ocrx_word' id='word_1_145' title='bbox 859 3338 928 3404; x_wconf 88' lang='lat' dir='ltr'><strong>ficri</strong></span> <span class='ocrx_word' id='word_1_146' title='bbox 959 3340 1057 3426; x_wconf 85' lang='lat' dir='ltr'><strong>solet,</strong></span> <span class='ocrx_word' id='word_1_147' title='bbox 1086 3341 1177 3408; x_wconf 86' lang='lat' dir='ltr'><strong>utilia</strong></span> 
     </span>
    </p>
   </div>
   <div class='ocr_carea' id='block_1_3' title="bbox 233 3509 1160 3821">
    <p class='ocr_par' dir='ltr' id='par_1_3' title="bbox 233 3509 1160 3751">
     <span class='ocr_line' id='line_1_22' title="bbox 236 3509 1160 3583; baseline 0.008 -24"><span class='ocrx_word' id='word_1_148' title='bbox 236 3511 261 3572; x_wconf 86' lang='lat'><strong>1)</strong></span> <span class='ocrx_word' id='word_1_149' title='bbox 279 3509 360 3572; x_wconf 85' lang='lat' dir='ltr'><strong>Baco,</strong></span> <span class='ocrx_word' id='word_1_150' title='bbox 383 3512 416 3564; x_wconf 85' lang='lat' dir='ltr'><strong>de</strong></span> <span class='ocrx_word' id='word_1_151' title='bbox 432 3530 516 3580; x_wconf 74' lang='lat' dir='ltr'><strong>augur.</strong></span> <span class='ocrx_word' id='word_1_152' title='bbox 535 3515 623 3566; x_wconf 78' lang='lat' dir='ltr'><strong>soient</strong></span> <span class='ocrx_word' id='word_1_153' title='bbox 641 3513 686 3566; x_wconf 90' lang='lat' dir='ltr'><strong>lib.</strong></span> <span class='ocrx_word' id='word_1_154' title='bbox 705 3514 725 3566; x_wconf 91' lang='lat' dir='ltr'><strong>I.</strong></span> <span class='ocrx_word' id='word_1_155' title='bbox 744 3530 769 3580; x_wconf 85' lang='lat' dir='ltr'><strong>p.</strong></span> <span class='ocrx_word' id='word_1_156' title='bbox 787 3514 829 3568; x_wconf 80' lang='grc'><strong>47.</strong></span> <span class='ocrx_word' id='word_1_157' title='bbox 848 3511 889 3565; x_wconf 80' lang='lat' dir='ltr'><strong>ed.</strong></span> <span class='ocrx_word' id='word_1_158' title='bbox 907 3511 988 3583; x_wconf 72' lang='lat' dir='ltr'><strong>[rugel.</strong></span> <span class='ocrx_word' id='word_1_159' title='bbox 1006 3515 1063 3566; x_wconf 76' lang='lat' dir='ltr'><strong>Bet.</strong></span> <span class='ocrx_word' id='word_1_160' title='bbox 1085 3513 1160 3569; x_wconf 80' lang='lat'><strong>1645.</strong></span> 
     </span>
     <span class='ocr_line' id='line_1_23' title="bbox 233 3592 540 3661; baseline 0.02 -17"><span class='ocrx_word' id='word_1_161' title='bbox 233 3593 258 3661; x_wconf 65' lang='grc'><strong>2)</strong></span> <span class='ocrx_word' id='word_1_162' title='bbox 274 3592 356 3656; x_wconf 74' lang='lat' dir='ltr'><strong>Boeo,</strong></span> <span class='ocrx_word' id='word_1_163' title='bbox 374 3597 393 3649; x_wconf 89' lang='lat' dir='ltr'><strong>l.</strong></span> <span class='ocrx_word' id='word_1_164' title='bbox 411 3614 433 3649; x_wconf 85' lang='grc' dir='ltr'><strong>ο.</strong></span> <span class='ocrx_word' id='word_1_165' title='bbox 451 3599 498 3660; x_wconf 83' lang='grc' dir='ltr'><strong>ΙΙΙ,</strong></span> <span class='ocrx_word' id='word_1_166' title='bbox 515 3601 540 3653; x_wconf 87' lang='grc'><strong>4.</strong></span> 
     </span>
     <span class='ocr_line' id='line_1_24' title="bbox 234 3677 641 3751; baseline 0.02 -21"><span class='ocrx_word' id='word_1_167' title='bbox 234 3677 259 3746; x_wconf 81' lang='lat'><strong>⁸)</strong></span> <span class='ocrx_word' id='word_1_168' title='bbox 276 3677 357 3742; x_wconf 80' lang='lat' dir='ltr'><strong>Beue,</strong></span> <span class='ocrx_word' id='word_1_169' title='bbox 375 3680 394 3732; x_wconf 92' lang='lat' dir='ltr'><strong>l.</strong></span> <span class='ocrx_word' id='word_1_170' title='bbox 413 3697 434 3732; x_wconf 86' lang='lat' dir='ltr'><strong>o.</strong></span> <span class='ocrx_word' id='word_1_171' title='bbox 452 3681 498 3737; x_wconf 86' lang='lat' dir='ltr'><strong>lib.</strong></span> <span class='ocrx_word' id='word_1_172' title='bbox 515 3683 535 3736; x_wconf 81' lang='lat' dir='ltr'><strong>t</strong></span> <span class='ocrx_word' id='word_1_173' title='bbox 553 3701 579 3751; x_wconf 88' lang='lat' dir='ltr'><strong>p.</strong></span> <span class='ocrx_word' id='word_1_174' title='bbox 597 3685 641 3738; x_wconf 76' lang='lat'><strong>45.</strong></span> 
     </span>
    </p>

    <p class='ocr_par' dir='ltr' id='par_1_4' title="bbox 1009 3770 1022 3821">
     <span class='ocr_line' id='line_1_25' title="bbox 1009 3770 1022 3821; baseline 0 0"><span class='ocrx_word' id='word_1_175' title='bbox 1009 3770 1022 3821; x_wconf 89' lang='lat' dir='ltr'><strong>l</strong></span> 
     </span>
    </p>
   </div>
   <div class='ocr_carea' id='block_1_4' title="bbox 0 0 1417 4160">
    <p class='ocr_par' dir='ltr' id='par_1_5' title="bbox 0 0 1417 4160">
     <span class='ocr_line' id='line_1_26' title="bbox 0 0 1417 4160; baseline 0 0"><span class='ocrx_word' id='word_1_176' title='bbox 0 0 1417 4160; x_wconf 95' lang='lat' dir='ltr'><strong> </strong></span> 
     </span>
    </p>
   </div>
  </div>
 </body>
</html>
