2818 4160
558 176 772 242 ...55-

140 347 355 431 abstractam,
380 344 610 426 (nouv.'essais
625 344 735 414 111.·4
757 349 777 427 ξ
794 350 835 426 1.)
856 383 898 396 -
913 344 980 412 Sed
991 350 1058 434 jem
1074 347 1178 416 consi·

143 457 330 526 dersndum
353 467 412 540 est,
426 465 593 524 nostrum·
605 456 638 522 in
657 456 851 542 gravissimo
866 479 943 524 suae
958 458 1177 545 philosophiae

143 569 257 652 libro,
289 569 325 634 im
355 567 449 634 novis
479 567 706 636 tentaminibus
738 566 777 634 de
806 568 1001 654 cognitione
1026 569 1176 643 humens,

142 703 216 746 non
239 680 341 746 solum
361 677 403 744 ad
418 678 628 752 Aristotelem
643 681 739 765 seep'e
755 678 936 764 respexisse
951 687 1064 744 verum
1080 676 1178 744 etiem

142 791 316 858 doctrines
338 789 460 857 hebere
481 811 600 856 nexum
624 789 785 877 quendem
808 811 884 854 eum
906 788 1084 876 Stagirites
1111 788 1177 870 pls-

142 903 237 986 citis,
266 925 364 990 quum
396 901 576 968 L'eibnitius
604 901 756 968 facultate
786 900 874 988 apud
904 900 994 968 illum
1032 900 1178 968 involute

144 1014 318 1081 evolverit
364 1011 455 1090 Quid
478 1013 589 1078 enim?
630 1012 758 1094 Nonne,
788 1022 825 1078 ut
847 1009 886 1076 de
914 1011 952 1076 iis
974 1033 1056 1098 quae
1079 1033 1178 1098 supra

145 1125 409 1208 ostendebamus,
426 1125 466 1190 de
482 1123 652 1193 harmonia
665 1123 778 1189 finium
795 1123 975 1210 viriumque
990 1123 1177 1190 necessitati

147 1236 376 1319 obnoxiarum,
399 1235 439 1300 de
462 1234 585 1301 ethicae
608 1234 774 1321 principiis
790 1233 831 1298 ad
844 1234 998 1318 justitiam
1013 1233 1175 1316 adhibitis,

144 1347 191 1414 de
220 1346 421 1423 entelechiis‚
451 1345 492 1412 de
520 1346 627 1412 anima
657 1355 822 1432 tamquam
851 1345 996 1432 eorporis
1023 1345 1104 1428 fine,
1134 1345 1177 1412 de

148 1459 220 1527 aliis
240 1458 337 1524 rebus
352 1469 526 1538 taceamus,
543 1455 698 1524 doctrinis
715 1455 755 1524 de
770 1456 946 1525 monadum
961 1456 1043 1522 serie
1058 1455 1175 1542 gradu·

37 1656 41 1663 Ι
147 1593 224 1658 que,
249 1569 290 1638 de
305 1569 380 1636 Deo
402 1568 538 1636 materia
559 1591 617 1634 seu
640 1568 797 1655 principio
820 1568 949 1655 passivo
967 1590 1105 1654 prorsus
1120 1590 1175 1634 ex·

144 1692 236 1748 emto
268 1681 517 1752 Aristotelicum¹
539 1681 622 1750 inest
643 1679 914 1748 fundamentum?
948 1677 1003 1744 Ex
1025 1678 1177 1746 Leibnitii

148 1791 300 1858 doctrina
321 1792 515 1880 principium
536 1791 624 1857 vitae
645 1791 808 1878 perceptio
832 1800 881 1855 est
903 1812 1079 1876 omnesque
1111 1811 1175 1854 mo-

149 1902 250 1968 nades
273 1902 488 1988 perceptionis
504 1902 676 1988 participes
694 1901 880 1968 universum
896 1900 1082 1986 exprimunt
1094 1910 1174 1966 tem·

147 2035 248 2100 qusm
271 2010 498 2098 speculariae
521 2018 632 2090 (nour.
656 2031 715 2076 ess.
739 2011 783 2078 II.
809 2015 838 2088 1,
861 2008 953 2096 51.)
980 2013 1024 2074 At
1042 2033 1109 2076 non
1123 2032 1176 2076 eo·

147 2123 225 2190 dem
247 2121 361 2204 modo,
389 2121 444 2188 sed
474 2121 652 2188 seeundum
681 2121 874 2208 principium
903 2121 1081 2206 passivum,
1110 2143 1174 2208 quo

149 2253 295 2323 quseque
317 2244 367 2300 est
387 2231 542 2322 praedita,
565 2255 678 2298 monas
695 2231 782 2299 idem
798 2231 983 2299 universum
998 2229 1178 2298 secundum

150 2345 332 2411 differentia
348 2357 470 2433 puncto
483 2344 571 2412 visus
587 2343 740 2432 exprimit
756 2351 869 2431 (nour.
886 2365 949 2412 ees.
960 2343 1018 2427 IV,
1038 2345 1087 2426 10,
1099 2345 1174 2430 11§

151 2455 333 2540 exprimant
355 2457 376 2519 a
396 2478 432 2520 ss
453 2457 620 2534 maniere.)
657 2455 716 2524 Jte
737 2454 916 2525 secundum
931 2454 1175 2542 perceptionum

150 2563 271 2652 gradus
282 2563 458 2632 monadum
468 2567 564 2632 etiam
577 2576 652 2632 sunt
662 2567 783 2652 gradus
795 2576 892 2654 etque
903 2565 1031 2632 infimus
1044 2566 1174 2654 quidem

149 2675 304 2744 monades
319 2684 486 2763 stupentes
501 2683 620 2756 (tontes
636 2677 739 2760 noes)
756 2697 839 2766 quae
855 2675 889 2742 in
907 2685 993 2744 statu
1009 2687 1084 2744 sunt
1102 2698 1174 2764 per-

148 2787 236 2876 petui
257 2787 355 2856 enimi
371 2786 516 2856 defeetus
539 2786 854 2870 (svcnouissement),
875 2787 1002 2855 medius
1015 2784 1178 2852 monades-

150 2901 259 2987 quales
273 2900 403 2987 plantae
420 2897 562 2984 (chss
578 2900 599 2966 9
614 2903 634 2982 ξ
652 2899 694 2983 1.)
714 2899 748 2966 in
764 2898 867 2964 brutis
884 2909 992 2966 eutem
1007 2895 1175 2984 perceptio

149 3011 251 3097 magis
266 3021 315 3078 est
337 3010 496 3093 distincte,
513 3010 633 3081 ¹altiore
656 3009 795 3097 denique
816 3008 920 3096 gradu
935 3006 1081 3073 homiues
1095 3027 1177 3092 gau·

151 3122 234 3202 dent,
246 3138 346 3207 quum
357 3120 532 3192 inhomiue
543 3121 708 3208 perceptio
721 3119 763 3190 ad
772 3119 1003 3207 cogitationem
1013 3126 1172 3202 resurgat,

152 3229 183 3295 id
203 3238 255 3315 ast
275 3231 516 3319 perceptionem
534 3251 609 3322 eum
624 3230 750 3300 ratione
762 3231 972 3318 conjunctam
987 3234 1032 3308 (n.
1048 3225 1088 3293 Ε.
1102 3227 1126 3294 l.
1142 3249 1176 3292 e.

152 3340 211 3410 eff
227 3337 268 3406 de
303 3341 399 3408 enim.
433 3343 556 3430 brutos.
576 3341 679 3406 '1710
707 3365 740 3428 pe
768 3341 834 3408 464
862 3340 908 3424 b).
944 3374 982 3412 ,-
1017 3335 1173 3408 Similiter

151 3449 353 3533 Aristoteles,
390 3451 453 3520 nisi
490 3451 578 3540 quod
606 3450 707 3518 uitem
726 3449 820 3521 'haud
849 3449 884 3519 in
910 3449 1041 3544 eunetis
1064 3446 1173 3536 posuit

150 3559 348 3645 substantiis,
376 3597 417 3609 —-
447 3565 508 3628 τῶν
538 3563 575 3628 δὲ
602 3562 750 3650 ’φυσικῶν
782 3561 820 3626 τὰ
844 3561 903 3648 μὲν
933 3557 995 3652 ἔχει
1024 3561 1107 3648 ζωὴν
1135 3557 1173 3622 τὰ

149 3672 180 3738 δ’
196 3671 252 3738 οὐκ
272 3669 351 3763 ἔχει,
383 3673 480 3762 ζωὴν,
494 3673 532 3740 δὲ
559 3673 690 3759 λέγομεν
713 3675 766 3762 τὴν
789 3671 833 3750 δι’
856 3671 1102 3760 ·αῷτᾳῦ..τροφῂν
1124 3667 1173 3728 καὶ
