2818 4160
574 169 786 232 ...15-

169 351 261 408 notet
284 339 388 404 »idem
409 352 439 403 et
460 338 529 403 uait
550 349 581 402 a
602 336 684 402 dicit
698 337 896 404 Aristoteles.
933 341 1089 406 Habitum
1107 344 1201 424 arim,

170 466 260 518 coeat
281 475 341 517 aaa
364 452 505 540 ἀκίνητον
527 448 585 515 sed
604 443 856 537 duariupravrff)

256 565 457 650 tamquam
480 571 594 649 postea
616 579 778 642 exponere
801 559 894 624 nobis
921 564 1194 647 proposuerimus,

171 685 374 764 quantopere
402 672 581 738 Leibnitius
612 671 798 738 adolescens
827 671 955 758 logicae
982 672 1195 738 Aristoteleee

174 809 210 852 se
233 783 365 866 dederit,
388 783 441 855 hic
463 795 589 849 tantum
611 783 794 864 afferamus,
816 781 851 847 in
872 782 948 860 §34
969 803 1073 847 novae
1096 783 1195 866 math,

173 904 219 984 (pt
237 898 277 962 19
300 896 350 962 ed.
370 893 487 978 Wolf.)
510 896 706 959 mentionem
729 893 802 958 eud]
824 893 931 959 fecere
960 894 1084 982 logicae
1107 906 1201 980 »post

174 1009 429 1096 Metaplsysicam
462 1007 684 1072 nobilissimae
712 1008 922 1070 scientiarum
952 1006 993 1070 ad
1025 1005 1198 1071 Aristotele

173 1121 221 1186 ad
248 1121 546 1186 Mathematiaoram
577 1117 719 1199 foratam
753 1118 997 1182 demonstrative
1026 1115 1197 1184 traditae«

174 1267 220 1282 ν-
242 1230 444 1318 Cognitionis
466 1229 748 1297 Aristotelicorum
771 1228 991 1294 doctrinarum
1014 1228 1200 1296 testimonia

176 1342 241 1408 ulia
268 1365 334 1406 non
365 1343 489 1408 desunt.
532 1341 585 1406 Ex
613 1341 695 1406 libro
726 1340 837 1428 quinto
861 1340 986 1406 ethicae
1007 1340 1199 1424 Aristotelis,

174 1477 272 1542 quem
283 1453 366 1518 iniis
378 1453 433 1538 qui
447 1452 552 1516 »circe
559 1454 612 1538 jus
624 1462 758 1518 naturae
770 1451 983 1540 philosophati
994 1461 1088 1517 sunt«
1100 1457 1199 1530 (nova

175 1563 316 1632 methed.
340 1567 411 1647 §71
448 1587 479 1652 p.
498 1565 559 1630 103
584 1563 700 1648 Wolf.)
733 1575 897 1644 numerat,
931 1563 1089 1651 principia
1117 1563 1200 1649 juris

175 1677 329 1742 naturalis
352 1676 438 1764 apud
461 1675 654 1742 Leibnitium
683 1675 715 1739 in
738 1697 822 1740 nova
849 1675 944 1740 etiem
970 1673 1123 1740 methodo
1153 1675 1200 1739 in-

175 1786 277 1852 veniri
306 1787 487 1852 videbimus
516 1788 611 1855 infra.
657 1787 721 1854 Hic
751 1787 891 1874 primum
914 1787 954 1850 de
977 1787 1054 1869 §70
1076 1788 1120 1873 (p.
1138 1789 1198 1852 101

179 1896 231 1963 ed.
253 1896 369 1980 Wolf.)
393 1897 544 1980 dicemus,
575 1899 630 1964 ubi
652 1898 692 1964 de
720 1898 886 1986 principiis
909 1897 1079 1964 decidendi
1102 1897 1199 1963 verba

175 2005 270 2087 fecit,
301 2028 402 2091 »qaae
428 2020 503 2070 suat
523 2011 610 2072 ratio
640 2032 679 2073 ea
699 2011 776 2092 jare
802 2023 939 2073 aatarae
967 2021 998 2072 et
1019 2007 1200 2074 seiaiiitado
1267 1996 1270 2002 ¹

178 2117 364 2199 (dvaloyau)
390 2138 429 2180 ea
444 2117 522 2202 jare
543 2118 636 2182 cicili
660 2131 772 2184 certas
798 2118 904 2184 Omne
926 2140 1063 2204 nemque
1081 2119 1135 2204 jus
1159 2119 1202 2182 oi·

178 2227 242 2292 vile
258 2248 335 2294 asse
355 2228 459 2316 magis
482 2229 558 2294 facti
589 2253 685 2317 quam
704 2229 803 2314 juris,
832 2229 907 2316 quia
934 2227 1137 2315 probandum
1160 2228 1202 2294 sit

178 2361 221 2404 ex
243 2338 377 2404 historia
399 2363 454 2405 seu
477 2341 564 2406 facto
586 2363 651 2405 non
682 2362 723 2404 ex
744 2349 861 2406 natura
884 2362 1009 2422 rerum,
1040 2336 1125 2404 unde
1147 2361 1202 2426 pa-

179 2458 249 2513 tere
272 2437 380 2537 legem
402 2474 444 2516 ex
459 2451 676 2516 conventione
689 2451 801 2539 populi
817 2450 938 2536 valerc3
962 2473 1108 2538 eumque,
1131 2473 1202 2539 per·
1226 2512 1231 2520 .

180 2557 281 2644 git,2⁷)
304 2560 384 2624 certi
402 2561 484 2645 juris
507 2561 556 2645 sit,
579 2562 672 2626 iniis
695 2562 751 2627 ubi
773 2572 904 2649 pactum
931 2584 997 2627 nou
1022 2561 1203 2628 intercessit

177 2669 328 2736 obtinere
337 2672 391 2756 jus
405 2693 540 2754 merum,
563 2681 652 2758 patet
672 2673 705 2737 in
728 2672 767 2736 iis
789 2672 925 2756 casibus,
949 2672 989 2740 de
1010 2673 1127 2760 quibus
1148 2673 1203 2738 lex

178 2803 217 2846 se
238 2783 365 2868 nonffl)
388 2781 571 2866 declaravit,
595 2783 773 2848 secundum
789 2783 844 2870 jus
867 2794 1001 2850 naturae
1024 2807 1095 2850 esee
1123 2783 1204 2870 judi-

185 2891 335 2958 candum.
373 2931 417 2942 -
450 2891 547 2972 Quod
570 2895 625 2980 jus
651 2894 798 2961 naturale
826 2894 1060 2980 jurisconsulto
1093 2915 1203 2959 neces-

177 3003 299 3070 sarium
331 3027 402 3070 esee
435 3003 548 3086 decet,
583 3029 683 3093 quum
715 3006 749 3072 in
782 3006 898 3093 pelago
933 3027 1067 3070 omnum
1095 3003 1204 3091 singu-

182 3111 289 3180 lorum
314 3116 475 3204 magnetis
504 3138 638 3182 munere
664 3118 828 3204 fungatur.
850 3154 895 3166 —
928 3114 984 3181 Sic
1011 3114 1204 3182 Aristoteles

184 3222 282 3296 δόξαν
304 3231 366 3292 τῶν
389 3227 510 3292 πολλῶν
532 3227 640 3314 legem
660 3227 819 3310 nominet,
844 3227 888 3292 cf.
909 3250 983 3312 aaa.
1007 3225 1097 3317 ἐλεῃζ
1118 3249 1146 3296 c.
1163 3230 1204 3294 12

254 3415 292 3484 ²⁶)
308 3433 367 3484 opp.
384 3419 443 3473 Dut.
460 3421 506 3482 IV,
524 3423 567 3476 74.

256 3501 296 3568 27)
314 3520 340 3569 n·
359 3505 408 3560 100
425 3505 464 3557 a.
482 3504 560 3557 wolf.
578 3510 601 3570 ς.
620 3508 654 3562 ro
669 3521 735 3572 pars.
751 3505 785 3560 11.

250 3588 287 3656 28)
307 3605 392 3639 errore
408 3589 526 3643 videlieet
538 3591 717 3658 typographico
734 3591 803 3658 apud
814 3591 897 3644 Wolf:
918 3593 975 3657 „lex
991 3609 1019 3644 se
1038 3589 1204 3650 declaravit;“

184 3680 251 3726 reate
267 3673 337 3742 apud
353 3673 414 3726 Dut.
431 3682 484 3726 tom
500 3675 621 3744 mpure
635 3675 680 3736 III.
698 3693 724 3743 p.
743 3678 802 3732 211.
820 3728 823 3736 .

1374 3638 1381 3669 l

1375 3682 1382 3781 l
