2818 4160
615 155 885 272 -es--ss

213 373 255 439 ad
276 374 376 440 Arist.
400 375 494 441 ethic.
524 376 586 442 nic.
610 374 640 458 Ι,
672 377 706 443 l:
737 369 791 440 διο
813 379 869 465 τῆς
898 377 1052 466 πολιτικῆς
1079 377 1134 440 οὐκ
1156 375 1249 441 ἔστιν

217 487 330 558 οἰκεῖος
351 487 509 576 ἀκροατὴς
529 489 547 550 ὁ
570 487 649 558 νέος.
694 487 834 553 Oausam
855 508 932 552 vero
955 486 1148 553 Aristoteles
1170 487 1248 574 ipse

212 599 330 666 indicat
356 599 492 686 primurn
515 599 591 686 quia
610 599 741 686 ἄπειρος
756 604 818 665 τῶν
835 600 913 664 κατὰ
928 601 980 664 τὸν
994 598 1245 686 βίον-πράξεων,

215 708 330 778 deinde
346 709 390 775 ἔτι
405 711 442 774 δὲ
457 713 521 780 τοῖς
534 709 666 774 aeteae
682 707 924 799 ἀκολουθητικὰς
938 710 982 774 ὢν
995 709 1139 795 ματαίως
1150 711 1245 776 ἀκου-

213 846 301 888 οεται
328 801 376 886 καὶ
406 823 635 909 ἀνωφελῶς..
659 822 766 912 ἐπειδὴ
789 823 823 886 τὸ
846 821 935 893 τέλος
963 821 1045 886 ἐστὶν
1067 822 1103 885 οὐ
1127 827 1247 905 γνῶσις

215 935 293 997 ἀλλὰ
321 935 441 1020 πρᾶξις.
460 971 501 980 -
529 930 797 1020 Syllogismorum
825 942 932 998 autem
964 931 1122 1014 inventio,
1151 933 1244 1019 quod

213 1043 333 1110 nullius
356 1065 427 1109 esse
450 1067 526 1110 usus
548 1043 691 1110 Lockius
714 1043 832 1125 credit,
862 1044 935 1130 quia
959 1043 1051 1108 Deus
1080 1065 1145 1109 non
1167 1045 1254 1110 Ari--

215 1155 321 1221 stoteli
345 1154 475 1221 demum
498 1153 710 1233 concesserit,
734 1165 769 1219 ut
791 1153 937 1219 homines
967 1155 1099 1219 rationis
1128 1153 1245 1221 redde·

202 1275 265 1332 ret
275 1264 448 1354 participes
461 1266 516 1349 (cf.
528 1265 646 1332 Lockii
657 1287 750 1350 essay
759 1267 955 1352 concerning
966 1265 996 1331 h.
1009 1289 1039 1331 u.
1116 1266 1175 1349 IV,
1190 1267 1243 1350 17,

218 1377 238 1462 ἓ
252 1378 299 1461 4),
314 1377 475 1445 Leibnitio
492 1376 623 1465 quidem
638 1375 821 1464 gravissimi
836 1375 961 1442 videtur
981 1378 1147 1460 momenti,
1163 1378 1243 1465 quia

216 1489 396 1578 syllogismi
417 1490 482 1556 sint
503 1488 627 1576 species
651 1487 809 1576 quaedam
838 1487 1083 1554 mathematicae
1113 1489 1242 1554 uuiver-

217 1601 307 1686 salis3
331 1623 526 1688 quamquam
549 1623 614 1664 non
641 1611 773 1687 semper
793 1621 810 1664 e
834 1621 868 1664 re
890 1599 939 1682 sit,
969 1599 1161 1687 syllogismis
1190 1599 1240 1664 uti

217 1714 260 1795 (n.
274 1711 314 1778 E.
330 1711 386 1794 IV,
410 1712 474 1794 17),
497 1711 537 1775 cf.
561 1709 602 1775 ad
625 1707 722 1798 Wag.
745 1711 845 1777 4251).
919 1755 922 1764 ·

191 1907 194 1912 ,
303 1821 376 1887 Nec
398 1821 504 1886 miuus
526 1821 736 1887 fundamento
753 1833 840 1887 curet
854 1821 970 1888 Lockii
986 1822 1095 1910 opinio
1113 1822 1184 1906 (ΙΙΙ,
1199 1825 1242 1890 10

218 1956 250 1999 n.
266 1934 332 2011 Ε.),
354 1931 539 1999 Aristotelis
562 1932 824 2020 praedicamenta
846 1957 916 2000 esse
938 1923 1062 2000 inutilis
1084 1957 1239 2023 vanaque,

217 2067 292 2112 ere
314 2045 417 2133 magis
452 2056 501 2110 est
535 2043 706 2112 emendare
740 2045 810 2124 illa,
844 2069 941 2133 quam
974 2046 1118 2113 irridere.
1161 2047 1240 2114 Jam
1281 2031 1283 2036 ⁸

217 2180 315 2246 supra
347 2156 528 2238 attulimus,
562 2155 760 2223 Leibnitium
793 2157 1054 2243 praedicamenta
1090 2158 1237 2224 laudibus

218 2290 367 2354 ornasse3
397 2279 509 2334 nostro
537 2261 664 2355 quidem
686 2266 758 2332 loco
782 2266 894 2332 decem
916 2267 1096 2334 Aristotelis
1113 2281 1239 2357 catego-

217 2380 280 2444 rias
304 2379 345 2444 ad
367 2379 509 2467 quinque
531 2376 642 2443 reduci
664 2399 759 2464 posse
774 2387 866 2464 putat
881 2388 1045 2467 tamquam
1062 2381 1237 2467 primarias,

217 2489 368 2554 nimirum
391 2488 446 2554 ad:
1063 2509 1065 2516 ·

553 2600 762 2666 substantiam

553 2712 739 2800 qualitatem

552 2832 763 2919 quantitatem

552 2943 712 3008 actionem
729 2954 762 3008 et
776 2943 957 3031 passionem

551 3052 748 3120 relationem.

219 3162 464 3230 Enuneiationis
489 3185 576 3228 nexu
603 3164 708 3230 soluto
732 3189 911 3256 καιηγοριαι
932 3166 1114 3233 Aristotelis
1138 3165 1245 3232 oriun-

220 3285 283 3357 tur,
307 3277 489 3364 κατηγορεῖν
511 3285 618 3342 autem
640 3276 720 3342 nihil
743 3277 829 3343 aliud
845 3278 1004 3366 significat
1019 3276 1105 3367 apud
1120 3275 1244 3344 Aristo-

221 3384 330 3468 telem,
360 3408 456 3473 quam
484 3387 667 3453 enunciare.
718 3387 910 3454 Aristoteles
933 3389 1129 3477 categorias,
1164 3411 1244 3476 quas

221 3516 263 3560 ex
285 3497 501 3582 grammaticis
525 3498 676 3565 orationis
695 3499 870 3565 rationibus
886 3499 1045 3567 invenisse
1059 3499 1243 3586 videtur,⁴²)

296 3714 334 3780 ⁴²)
355 3716 567 3782 Trendelenburg.
587 3716 740 3780 „elementa“
760 3712 798 3767 ed.
818 3714 849 3768 V·
867 3731 893 3782 p·
911 3716 945 3772 56
962 3731 987 3783 p-
1006 3717 1048 3772 57·
1155 3759 1158 3766 ·
