2818 4160
618 191 835 256 ...75-

6 349 14 384 i
137 361 204 424 ἀν.
236 361 326 424 ὑστ.
358 361 409 425 Β.
434 362 483 426 19.
505 362 558 427 99.
580 362 611 428 b.
635 359 698 452 ἔχει
720 361 779 449 (se.
796 361 834 426 τὰ
856 362 937 448 ζῷα)
961 363 1088 446 δύναμιν
1110 387 1235 452 συμφο-

5 461 19 498 '³'
146 474 216 537 τὸν
246 475 430 562 κριτικήν,
451 475 488 561 ήν
511 474 653 537 καλοῦσιν
676 470 834 560 αἴσθησιν·
856 471 990 561 ἐνούσης
1003 473 1036 536 θ’
1052 472 1237 564 αἰσθήσεως

15 590 18 614 ²
149 589 236 656 τοῖς
270 587 351 671 μὲν
383 589 445 649 τῶν
469 583 562 670 ζῴων
591 584 741 668 ἐγγίνεται
759 587 856 674 μονή
886 588 955 648 τοῦ
978 581 1237 671 αλσθήματος

19 712 22 726 ’
158 695 284 776 (illud
318 719 452 761 »unum
474 694 623 782 idemque
645 695 678 760 in
702 695 870 761 omnibus«
895 694 935 762 de
958 717 1022 783 quo
1037 696 1148 782 supra)
1170 698 1237 766 τοῖς

159 809 204 874 δ’
226 809 302 872 οὐκ
341 808 573 891 ἐγγίνεται
596 807 631 871 ἐκ
658 807 696 871 δὲ
714 809 841 897 μνήμης
867 809 910 892 (p.
935 807 997 872 100
1018 808 1061 889 a.)
1091 807 1237 878 πολλάκις

165 924 238 985 τοῦ
258 920 376 984 αὐτοῦ
391 919 554 1007 γενομένης
567 918 720 1005 ἐμπειρία·
735 921 766 982 ai
782 920 843 1004 γὰρ
858 909 966 982 πολλαί
973 923 1092 1006 μνήμαι
1106 914 1237 1004 ἀριθμῷ

172 1030 355 1118 ἐμπειρία
380 1031 437 1115 μία
459 1030 549 1096 ἐστίν.
573 1030 608 1094 ἐκ
630 1030 665 1094 δ’
680 1028 842 1116 ἐμπειρίας
862 1029 932 1118 ήέκ
948 1030 1062 1100 παντὸς
1082 1029 1235 1119 ήρεμή-

172 1167 268 1208 σαν
281 1165 355 1213 τος
384 1145 439 1206 τού
461 1139 598 1206 καθόλου
621 1141 654 1205 έν
683 1148 723 1228 τῇ
746 1146 852 1231 φυγῇ,
883 1141 1051 1210 τοῦὲνὸς
1071 1141 1174 1227 παρὰ
1196 1142 1235 1206 τὰ

178 1253 325 1330 πολλά,
355 1253 372 1315 ὃ
395 1253 433 1316 ἂν
456 1253 490 1315 έν
511 1254 624 1316 ἅπασιν
646 1260 686 1319 ἓν
709 1251 766 1340 ἐνῇ
792 1251 921 1322 ἐκείνοις
948 1255 983 1315 τύ
1011 1250 1098 1329 ansb,
1121 1251 1232 1344 τέχνης

180 1365 285 1455 ἀρχὴ
314 1365 362 1426 καί
384 1362 563 1452 ἐπιστήμης
585 1363 639 1445 ἐὰν
659 1363 718 1448 μὲν
741 1366 811 1451 περὶ
826 1364 981 1446 γένεσιν
997 1363 1107 1452 τέχνης
1120 1362 1175 1428 ἐὰν
1190 1363 1227 1428 δὲ

189 1477 280 1564 περὶ
303 1475 339 1537 τὸ
362 1473 422 1551 ὄν,
445 1473 623 1562 ἐπιστήμης.
663 1472 711 1539 Of.
735 1473 874 1560 metaph.
898 1473 925 1538 Ι.
951 1476 979 1540 1.
1002 1509 1044 1522 ·-
1066 1471 1118 1538 De
1139 1473 1233 1542 remi-

191 1585 366 1655 niscentia
396 1585 463 1673 agit
492 1584 524 1650 in
554 1586 635 1651 libro
666 1587 737 1672 περὶ
756 1587 882 1674 μνήμης
903 1608 952 1650 και
974 1585 1126 1672 ἀναμνήσ.
1149 1606 1178 1650 e.
1201 1586 1233 1650 2.

56 1774 60 1790 Ι
195 1726 235 1789 p.
258 1697 326 1765 453
353 1697 415 1785 (ef.
446 1697 720 1782 Trendelenbnrg.
745 1717 860 1764 nomm.
890 1694 931 1764 de
958 1695 1065 1762 enims
1091 1719 1124 1783 p.
1156 1694 1232 1781 168)

199 1811 253 1876 ita
273 1811 355 1876 fere:
379 1809 523 1897 διαφέρει
544 1809 582 1874 δὲ
603 1811 657 1874 τοῦ
677 1807 935 1896 μνημονεύειν
959 1809 992 1872 τὸ
1015 1807 1233 1895 ἀναμιμνή·

205 1918 378 1984 σκεαθαι
400 1921 436 1982 ού
452 1921 548 2004 μόνον
566 1921 644 1985 nard
659 1921 713 1986 τὸν
719 1919 849 2010 χρόνον,
872 1919 939 1984 ἀλλ’
955 1920 1001 1984 ύτι
1017 1921 1071 1984 τοῦ
1084 1919 1143 2003 μέν
1155 1941 1232 2006 μνη·

213 2029 352 2094 μονεύειν
374 2031 422 2093 καί
444 2035 506 2093 τῶν
526 2030 626 2096 ἄλλων
649 2030 742 2117 ζῴων
762 2031 886 2120 μετέχει
902 2031 1009 2106 πολλά,
1033 2033 1087 2094 τοῦ
1102 2029 1135 2093 d’
1159 2030 1231 2096 ἀνα·

210 2138 439 2230 μιμνήσκεσθαι
482 2141 573 2206 οὐδὲν
611 2145 658 2214 ὡς
691 2145 786 2208 εἰπεῖν
822 2147 885 2207 τῶν
926 2141 1232 2228 γνωριζομένων

210 2253 303 2338 ζῴων
336 2253 512 2340 (quatenus
542 2265 616 2318 sunt
644 2251 793 2340 cognite)
821 2253 898 2342 πλὴν
920 2249 1108 2338 ἄνθρωπος,
1131 2299 1164 2316 ..
1184 2254 1234 2316 καί

210 2360 292 2427 ἔστιν
315 2364 363 2447 (τὸ
378 2362 679 2453 ἀναμιμνήσκεσθαι)
696 2365 760 2430 οἷον
783 2363 942 2453 ζήτησίς
964 2385 1017 2435 τις
1033 2365 1124 2428 τοῦτο
1140 2360 1168 2428 θ’
1187 2363 1234 2434 οἷς

209 2474 259 2535 καί
281 2475 314 2536 τὸ
336 2473 536 2555 βουλευτικὸν
557 2475 699 2564 ύπάρχει,
721 2475 814 2560 φύσει
833 2475 932 2560 μόνος
945 2474 1162 2563 συμβέβηκεν·
1184 2475 1234 2541 καί

210 2582 271 2668 γὰρ
294 2583 329 2646 τὸ
349 2581 561 2665 βουλεύεσθαι
591 2585 795 2670 συλλογισμός
815 2609 861 2656 τις
881 2585 971 2650 ἐστιν.
994 2623 1036 2636 -
1058 2586 1111 2652 Its
1131 2585 1251 2654 homi-v

209 2715 266 2760 ses
289 2715 354 2759 non
378 2693 482 2758 solum
501 2717 639 2775 sensum,
663 2694 833 2785 (αὶσθησιν)
856 2695 1118 2784 imaginationem
1140 2701 1230 2782 (ραν

212 2806 333 2889 τασιαν)
356 2804 545 2870 αιεαιοτὶεαι
568 2804 877 2896 (μνημην)1ιελιειι1,
900 2829 1012 2872 verum
1034 2827 1055 2873 e
1075 2805 1232 2873 memoris

213 2915 254 2982 sd
275 2917 435 2983 ustionem
457 2916 607 2983 veniunt:
633 2917 811 3006 metaphys.
835 2919 861 2984 L
889 2921 914 2982 l.
938 2919 975 2982 τὰ
994 2917 1052 3002 μὲν
1074 2913 1129 2982 οὖν
1152 2914 1230 2981 ἄλλα

211 3030 278 3097 ταῖς
304 3028 489 3114 φαντασίαις
509 3029 556 3116 ’ζῇ
578 3030 627 3094 καὶ
648 3032 716 3100 ταῖς
734 3030 884 3118 μνήμαις,
916 3074 947 3094 ..
977 3029 1011 3092 τὸ
1034 3025 1071 3090 δὲ
1093 3029 1155 3092 τῶν
1178 3025 1228 3091 ἀν·

210 3135 350 3224 θρώπιον
372 3139 464 3222 γένος
483 3142 532 3204 καὶ
554 3139 644 3229 τέχνη
668 3141 716 3204 καὶ
737 3141 904 3225 λογισμοῖς.
925 3173 967 3188 -··

294 3246 443 3333 Epistula
458 3250 538 3314 1711
563 3247 604 3314 nd
619 3249 832 3337 Bisrlingium
855 3248 930 3316 data
952 3245 992 3314 de
1015 3269 1113 3315 neusa
1133 3245 1231 3334 finali,

211 3378 322 3444 quam,
349 3371 385 3424 ut
407 3382 504 3447 supra
526 3359 740 3442 ostendimus,
762 3360 795 3426 in
818 3381 927 3425 rerum
949 3367 1065 3422 natura
1093 3380 1229 3445 regnare

209 3466 445 3556 efficientesque
467 3492 580 3536 sauses
604 3469 742 3556 dirigere
764 3469 895 3560 perinde
918 3478 1015 3560 etque
1035 3468 1227 3535 Aristoteles

210 3577 271 3646 sibi
293 3579 463 3666 persuasit,
483 3580 533 3649 his
554 3580 662 3648 verbis
685 3581 811 3647 scribit:
836 3587 880 3667 (p.
897 3581 959 3646 678
973 3577 1068 3668 Erd.)
1086 3577 1230 3647 »Menda-

207 3690 308 3755 mimi
327 3689 401 3764 fons
422 3702 470 3755 est
490 3691 804 3777 νύριύιιίιίοσ...
826 3689 934 3776 infit
956 3703 992 3754 ut
1019 3709 1137 3754 αατιεσο
1167 3689 1229 3772 effl-
