2818 4160
584 147 774 212 ..7-

172 317 206 381 ia
231 321 342 404 pateat
371 339 412 381 ou
435 315 468 380 la
490 315 621 380 studeat
649 317 751 380 mosiis
780 318 868 382 utile.
911 319 964 382 Ea
982 319 1117 404 fatiant
1142 345 1191 387 re-

170 452 320 514 marquer
346 451 396 492 ces
425 441 527 493 traces
560 427 654 491 dela
686 428 783 493 ueriti
812 427 893 492 daus
921 429 965 492 les
993 433 1120 496 ariciens
1148 455 1192 497 ou

165 563 252 627 pour
266 539 384 626 parler
402 538 480 626 plus
499 538 729 626 piuiralemeat
753 537 833 602 daus
856 542 900 605 les
927 540 1123 605 antiriemes
1152 565 1192 606 ou

172 654 233 717 tire
256 653 305 716 ait
327 652 385 716 lor
408 651 446 716 de
469 652 502 716 la
525 653 601 716 boue
624 651 651 716 le
675 651 820 716 diamant
843 651 881 715 de
903 675 942 716 sa
958 651 1040 716 miae
1056 664 1085 715 et
1099 653 1132 715 la
1147 652 1193 714 la-

170 763 270 826 miere
293 761 347 826 des
370 763 509 827 tenebras
531 776 561 826 et
583 786 616 826 ce
638 764 739 827 serait
767 785 804 826 eu
831 762 903 847 effet
916 763 1073 848 peremnis
1100 784 1195 847 quae

173 873 248 937 dam
265 873 501 960 philosophiae
525 876 704 961 -Itaque
728 873 906 939 Leibnitius
930 872 1075 961 quemvis
1104 893 1195 961 egre-

170 985 241 1074 gios
275 1007 352 1050 suae
386 984 499 1049 aetatis
532 984 633 1068 viros,
662 1007 682 1050 a
709 984 824 1072 quibus
859 984 1010 1049 scientiae
1039 1007 1210 1070 magnum⁴

171 1119 327 1184 accepere
342 1095 583 1173 incrementum,
607 1096 790 1162 aestimaret
812 1097 930 1184 magni,
947 1106 1054 1161 temen
1070 1094 1192 1160 ideirco

173 1215 297 1271 veteres
330 1207 415 1272 haud
448 1218 568 1274 temere
607 1208 727 1292 rejecit.
790 1209 919 1274 Etenim
956 1207 1194 1294 »Pytlaparam

171 1317 388 1382 Democritum
414 1317 581 1383 Platonem
608 1320 870 1387 Aristotelem..
895 1370 902 1387 .
928 1333 992 1384 tam
1027 1318 1086 1382 diis
1117 1318 1196 1384 colet

164 1431 354 1515 posteritas,
377 1429 533 1516 quamdiu
553 1432 706 1495 memoria
727 1430 873 1495 historiis
888 1443 917 1493 et
931 1431 1050 1494 uirtuti
1067 1451 1194 1494 ceuma-

174 1542 219 1606 tio
243 1542 382 1625 attae)
413 1541 592 1608 Leibnitius
616 1563 654 1608 ex
669 1541 830 1628 Lessingii
846 1541 951 1629 verbis
973 1541 1082 1627 ignem
1104 1539 1194 1606 silice

172 1653 296 1738 elicuit;
320 1652 422 1742 deque
444 1677 483 1720 eo
507 1653 703 1720 contendere
724 1653 774 1718 fas
797 1663 855 1735 est,
878 1652 966 1742 quod
989 1651 1028 1718 de
1046 1650 1193 1718 Oartesio

171 1765 253 1831 dixit
270 1765 456 1852 »praeclare
470 1766 505 1830 iu
518 1789 585 1830 rem
600 1788 692 1830 suam
705 1766 801 1830 uertit
817 1765 955 1830 aliorum
976 1764 1193 1852 aopt‘tata,‹²⁷)

172 1875 229 1943 sed
250 1877 405 1945 librorum
428 1901 522 1942 usum
543 1878 630 1943 haud
653 1877 881 1960 dissimulavit,
905 1888 940 1942 ut
963 1877 1192 1943 Curiosius-fe-

173 1985 225 2064 cit,
249 1987 304 2073 qui
327 1986 496 2052 omnis-ex
520 2010 554 2052 se
578 1988 648 2076 ipso
672 1989 865 2074 produxisse
888 1988 1066 2056 simulabat.
1079 1987 1125 2074 28)Ι

260 2095 315 2160 Ex
337 2096 484 2161 omnibns
508 2107 615 2162 autem
645 2097 808 2163 veteribus
830 2098 1037 2163 Aristotelem
1068 2107 1100 2163 et
1128 2120 1196 2163 sae-

173 2207 304 2295 pissime
327 2230 400 2272 eum
424 2206 574 2273 laudasse
602 2216 636 2273 et
663 2206 836 2295 permultas
856 2207 1040 2275 Aristotelis
1069 2217 1196 2274 senten·

170 2317 231 2384 tias
254 2321 424 2408 recepisse,
446 2344 542 2387 nemo
565 2321 620 2408 qui
643 2320 773 2410 quidem
788 2320 985 2387 Leibnitium
1005 2320 1124 2386 lectum
1139 2319 1194 2386 ha·
1246 2377 1247 2380 ,

170 2430 285 2520 buerit,
308 2433 438 2500 vocabit
458 2433 492 2498 in
512 2431 654 2499 dubium.
692 2431 802 2511 Quare
816 2431 904 2498 haud
918 2431 1030 2497 inutile
1045 2432 1192 2498 ducimus

174 2541 202 2608 si
224 2541 392 2608 ostendere
414 2565 578 2626 conemur,
598 2567 678 2632 quos
694 2543 878 2611 Aristotelis
900 2543 998 2608 libros
1013 2542 1193 2609 Leibnitius

166 2653 320 2741 cognitos
343 2653 499 2736 habuerit,
523 2676 739 2740 quamsaepe
761 2653 914 2719 adillum
937 2655 1104 2742 spectarit,
1127 2654 1197 2741 qui-

173 2765 298 2853 busque
325 2764 358 2830 in
387 2764 483 2830 rebus
512 2765 685 2832 similitudo
714 2764 870 2854 quaedem
900 2765 983 2832 inter
1010 2764 1195 2832 Aristotelis

172 2886 205 2942 et
228 2877 296 2963 ejus
321 2875 482 2943 doctrinas
504 2876 693 2944 intercedat.
732 2876 888 2956 Quamvis
911 2877 995 2943 enim
1024 2897 1195 2942 caveamus

174 2988 216 3052 sit
236 3010 383 3071 necesse,
406 3012 447 3054 ne
470 2988 503 3053 in
524 2988 725 3055 inveniendis
748 2987 902 3055 doctrinis
925 2985 1077 3052 Leibnitii
1107 2983 1194 3072 apud

173 3096 382 3166 Aristotelem
405 3100 489 3166 ultra
510 3100 674 3188 progressi
696 3100 730 3165 in
753 3099 847 3165 devia
864 3097 1070 3179 deducamur,
1085 3106 1194 3162 tamen

172 3207 369 3276 Leibnitium
390 3209 477 3276 hand
499 3232 618 3298 paucas
641 3209 728 3298 apud
743 3209 952 3278 Aristotelem
969 3209 1088 3275 virtute
1103 3209 1196 3297 quasi

240 3475 276 3543 ²⁸)
295 3485 381 3531 notata
399 3480 521 3546 quaedam
539 3478 700 3533 circuitam
718 3476 784 3530 Osrt.
802 3493 861 3547 opp.
879 3478 938 3530 Dat
956 3478 988 3532 V.
1006 3478 1064 3534 393.

241 3560 283 3627 ²7)
302 3564 359 3617 eod.
376 3563 438 3617 loeo.

241 3649 280 3717 ²⁸)
296 3650 454 3703 Leibnitisna
465 3669 523 3720 epp.
534 3651 593 3704 Dut.
602 3653 647 3705 Vl.
657 3653 715 3708 334.
729 3653 760 3705 ef.
770 3654 878 3720 repense
889 3670 939 3704 aux
947 3651 1079 3704 reflexione
1089 3647 1121 3699 II.
1134 3647 1194 3701 249.
