2818 4160
585 177 798 242 ...57-

173 343 253 426 dita,
281 367 381 410 uuum
403 346 481 434 quid
503 355 573 412 erat
600 369 671 412 esse
694 347 747 430 (ef.
771 353 883 433 supra)
910 346 1049 434 primum
1071 372 1113 414 ex
1135 370 1204 413 ma·

172 457 257 522 teria
290 467 453 523 exemtum
490 481 560 522 esse
593 459 719 539 statuit,
754 481 854 544 quum
896 458 937 522 sit
965 480 1064 544 purus
1097 471 1199 524 aetus.

173 565 321 654 Metapls.
338 567 410 649 XL,
426 569 456 650 8,
481 564 598 634 lotia.
645 566 711 632 ἀλλ’
740 569 802 632 ὅσα
832 567 961 655 ἀριθμῷ
983 569 1098 640 πολλά,
1129 568 1205 655 ὕλην

174 677 281 767 ἔχει..
305 681 339 742 τὸ
355 679 392 742 δὲ
406 679 435 744 τί
445 679 483 768 ἦν
499 679 575 744 εἶναι
590 680 645 744 oo'x
659 679 722 770 ἔχει
734 679 808 768 ὕλην
825 682 859 744 τὸ
875 681 1011 767 πρῶτον·
1032 677 1206 767 ἐντελέχεια

174 789 249 876 γάρ.
266 827 307 844 ν-
330 789 375 854 Et
397 790 534 876 epistula
555 791 686 877 quidem
708 801 786 856 tuno
809 792 962 877 temporis
986 790 1106 876 scripta
1123 787 1203 854 Mai-

179 923 283 967 zeaux
302 901 371 988 jam
387 901 528 989 protulit,
552 903 760 968 Aristotelem
784 901 825 966 ad
847 901 999 968 Leibnitii
1022 899 1203 998 doetripam

176 1013 218 1078 de
245 1013 456 1099 generatione
484 1022 518 1078 et
539 1013 746 1098 corruptione
767 1033 871 1100 prope
894 1013 1067 1077 necessisse
1090 1011 1202 1077 videri.

175 1125 291 1212 Ipsum
323 1125 449 1212 quidem
484 1124 667 1203 audiamus,
704 1123 761 1188 sed
794 1133 889 1188 antea
921 1122 1012 1187 brevi
1051 1118 1203 1188 Leibnitii

180 1235 361 1300 doctrinam
383 1219 546 1323 exponere
563 1235 676 1302 ‘lieeat
721 1235 763 1299 In
790 1235 882 1298 novis
911 1234 997 1298 enim
1019 1234 1201 1298 tentamini·

83 1415 86 1420 ,
175 1348 239 1412 bus
275 1345 413 1412 animam
450 1344 537 1410 haud
569 1345 799 1432 transmigrare
833 1344 889 1409 sed
921 1353 1046 1409 mutare
1079 1345 1201 1410 formas

178 1457 327 1538 ostendit,
339 1458 580 1546 generationem
592 1479 730 1543 namque
741 1477 811 1521 esse
827 1455 1100 1520 evolutionem
1116 1477 1203 1542 aug-

177 1569 435 1634 mentativam
463 1581 495 1634 et
521 1579 658 1635 mortem
687 1567 764 1632 nihil
794 1566 880 1632 aliud
913 1579 1009 1654 quam
1040 1567 1202 1632 involu-

177 1680 327 1746 tionem
355 1679 639 1746 diminutivum
665 1681 708 1763 (n.
733 1677 772 1766 Ε.
789 1676 887 1744 Ita?
912 1679 952 1746 ef.
977 1679 1016 1744 de
1041 1703 1092 1746 un.
1116 1675 1201 1744 brut.

178 1815 209 1878 p.
224 1791 315 1870 464).
360 1789 470 1868 Quare
491 1790 621 1857 monad.
650 1795 680 1872 §-
697 1791 739 1855 74
760 1789 840 1855 dicit
862 1790 1099 1874 generationem
1122 1789 1203 1855 indi-

179 1902 270 1966 vioui
297 1900 538 1966 similitudinem
567 1901 686 1965 habere
714 1923 788 1965 oum
818 1901 995 1968 mutatione
1024 1921 1142 1966 eruoae
1171 1901 1205 1964 in

180 2011 377 2098 papilionem
405 2021 438 2076 et
467 2021 600 2074 mortem
629 2033 703 2075 eum
736 2011 935 2076 involutione
967 2013 1138 2098 papilionis
1170 2012 1204 2076 in

180 2143 373 2190 erueam.-·-
397 2121 568 2188 Maizeaux
590 2131 698 2186 autem
721 2121 766 2185 ite
788 2119 900 2185 seribit
922 2121 1103 2199 contum)
1129 2120 1208 2184 Par·

179 2233 308 2300 menide
337 2233 423 2298 aruit
444 2233 491 2299 les
514 2238 634 2298 memes
657 2230 743 2298 idtes
768 2284 774 2299 .
799 2283 806 2298 .
834 2230 859 2306 il
880 2253 904 2318 y
925 2253 953 2313 a,
984 2229 1031 2296 dit
1054 2230 1206 2311 Aristote,

180 2345 237 2410 ries
260 2345 469 2432 philosophas
492 2343 547 2432 qui
564 2341 659 2408 nient
680 2351 769 2408 toute
792 2351 879 2407 sorte
903 2340 943 2406 de
965 2341 1152 2426 generation
1173 2352 1207 2407 et

124 2537 126 2541 Ι
183 2456 380 2540 eorruption.
416 2455 598 2520 Aristotelis
620 2457 720 2520 verba
741 2455 822 2519 haee
837 2464 912 2520 sunt
928 2453 967 2519 de
983 2453 1074 2518 eaelo
1089 2452 1161 2535 HL,
1179 2461 1207 2535 1,

183 2587 215 2652 p.
229 2565 345 2631 2981&
357 2565 415 2648 μὲν
435 2566 496 2650 γὰρ
515 2566 618 2629 αὐτῶν
634 2567 755 2629 ἀνεῖλον
768 2567 853 2635 ὅλως
867 2566 987 2648 γένεσιν
1002 2567 1050 2629 καὶ
1066 2563 1206 2651 φθοράν,

182 2675 274 2742 οὐδὲν
309 2676 370 2763 γὰρ
401 2673 477 2740 orire
503 2674 664 2759 γίγνεσθαί
695 2698 790 2762 φασιν
818 2673 891 2740 οὔτε
919 2674 1111 2763 φθείρεσθαι
1143 2679 1208 2740 «τῶν

182 2787 291 2864 ὄντων,
319 2787 397 2863 ἀλλὰ
421 2786 519 2872 μόνον
541 2788 675 2851 δοκεῖν
703 2785 792 2876 ἡμῖν
820 2787 883 2852 οἷον
912 2790 1033 2875 οἱπερὶ
1056 2787 1208 2851 Μέλισσον

183 2921 222 2964 τι.
246 2901 294 2963 καὶ
315 2893 541 2987 Mamertina:
560 2897 723 2964 »Aristote
745 2897 921 2965 lui-meme
943 2919 985 2962 ne
1007 2895 1128 2962 semble
1151 2917 1210 2980 pas

186 3005 404 3097 iort'eloigne
424 3007 467 3074 de
490 3029 527 3074 ee
549 3010 732 3091 sentiment,
747 3009 890 3096 lorsqu’il
912 3008 969 3090 dit,
992 3008 1067 3094 qu’a
1087 3005 1210 3090 l'ogerd

185 3117 242 3185 des
265 3121 453 3187 substauees
468 3121 716 3206 ingeneration
745 3119 785 3186 (le
811 3121 899 3184 l'une
926 3127 976 3183 est
1003 3117 1148 3204 toujours
1176 3117 1210 3182 la

184 3232 379 3318 corruption·
403 3228 443 3296 tle
469 3233 582 3296 l'autre
608 3241 640 3296 et
661 3231 694 3294 la
717 3231 904 3316 corruption·
929 3228 969 3294 de
991 3228 1076 3293 l'une
1098 3227 1130 3292 la
1151 3231 1208 3314 go-

184 3341 330 3408 neration
360 3341 400 3407 de
427 3342 559 3422 l'autre3
587 3341 686 3408 Arist.
710 3339 750 3406 de
776 3362 886 3428 gener.
909 3351 941 3406 et
962 3349 1102 3427 corrupt.
1124 3339 1152 3406 Ι.
1176 3361 1207 3426 p.

201 3629 204 3632 ’
251 3633 376 3703 ³1)Ireib.
394 3653 452 3704 opp.
471 3635 510 3688 ed.
528 3600 588 3687 oua
605 3643 664 3687 tom.
681 3630 713 3686 II.
732 3633 830 3702 paral.
848 3651 874 3701 p.
894 3635 935 3689 63.
