2818 4160
595 136 807 200 ..45-

189 307 311 372 formas
341 305 594 380 substantiarum
617 305 765 370 vivarum
788 305 927 387 (commo
948 305 994 371 les
1017 308 1135 375 formes
1160 307 1219 376 dee

190 415 381 484 substances
393 416 571 496 viventem:
594 422 641 482 At
652 437 730 481 vero
747 413 956 482 Aristotelem
971 413 1039 482 nou
1051 419 1217 504 praebere,

189 547 232 592 ex
258 527 376 614 quibus
407 549 459 593 res
488 527 569 593 istae
600 529 681 592 benc
709 526 936 613 concipiantur
964 526 1009 604 (lc
1036 549 1152 612 moyen
1175 527 1218 595 de

190 635 309 704 rendre
337 637 542 725 intelligibles
559 687 566 704 .
584 690 591 705 .
609 644 642 717 .).
672 673 713 684 -
744 636 929 724 Antequam
960 636 1000 702 de
1030 635 1119 702 hisce
1142 637 1220 726 quid

190 747 365 814 sentiamus
387 747 598 834 profiteamur
620 746 763 834 quidque
786 747 963 814 entelechia
985 746 1142 814 Leibuitii
1163 748 1218 814 hs·

195 855 271 922 beat
293 879 464 923 commune
491 879 564 923 oum
587 856 782 940 Aristotelis,
810 858 922 943 paucis
945 857 971 922 si
993 859 1100 944 placet
1121 859 1221 947 expli·

190 989 308 1052 cemus,
332 990 472 1056 quanam
495 989 530 1034 re
545 968 724 1034 Leibnitius
747 969 788 1033 ab
811 968 1014 1056 opinionibus
1029 969 1220 1058 vulgaribus

189 1075 384 1144 discesserit·
428 1081 525 1144 Anno
553 1078 683 1145 demum
708 1079 792 1146 1694
818 1077 852 1144 in
874 1079 1042 1168 publicum
1066 1101 1149 1166 quae
1172 1080 1219 1146 in-

189 1187 277 1253 venit
291 1186 399 1270 edidit,
422 1211 521 1276 quum
538 1189 618 1255 actis
635 1188 750 1256 crudit.
773 1189 863 1275 Lips.
882 1189 1046 1277 specimen
1062 1190 1221 1257 insereret

190 1296 231 1364 de
252 1296 475 1364 emendatione
498 1301 650 1366 scientiae
678 1299 764 1366 illius
791 1300 945 1386 principis
970 1323 1074 1386 »quoe
1093 1301 1221 1386 maurae

186 1407 414 1494 philareoplrt’ac
434 1410 559 1474 nomene
579 1413 695 1493 uouit«
723 1435 883 1498 aquaeque
907 1411 1012 1476 adhuc
1029 1414 1114 1476 iuter
1128 1433 1220 1497 quac-

192 1517 294 1582 renda
320 1521 478 1603 mancia«
504 1527 549 1607 (p.
564 1521 638 1604 121)
662 1521 704 1588 ad
732 1522 914 1590 Aristotelis
938 1527 992 1613 τὴν
1016 1525 1144 1612 πρώτην
1173 1547 1221 1610 φι·

189 1629 343 1716 locuples
364 1630 545 1698 Leibnitius
568 1642 693 1718 spectat
720 1633 874 1723 (πρώτην,
898 1633 974 1722 quia
996 1634 1032 1700 ἐκ
1054 1633 1219 1721 προτέρων

189 1749 230 1828 τῇ
259 1741 352 1827 φύσει
382 1743 564 1828 cognoscit)
609 1743 650 1811 of.
683 1741 722 1810 dc
751 1745 859 1810 anima
887 1769 926 1828 a,
955 1749 970 1811 1
1010 1745 1101 1834 phys.
1129 1771 1169 1828 m,
1197 1747 1218 1811 9

189 1873 224 1939 p.
244 1853 342 1920 reta.

272 1960 349 2029 Jam
377 1963 552 2049 specimine
580 1964 636 2030 illo
659 1966 841 2032 Leibnitius
869 1967 984 2033 virium
1008 1990 1065 2034 seu
1087 1969 1215 2034 virtutis

188 2079 300 2160 (quarn
323 2069 479 2140 Germani
502 2085 620 2140 vocant
639 2075 736 2141 Kraft
758 2099 789 2162 p.
808 2076 871 2142 122
885 2075 979 2156 Eud.)
1002 2087 1154 2143 naturam
1176 2076 1217 2142 ad

187 2203 298 2248 ueram
321 2183 487 2249 notionem
509 2184 709 2252 substantiae
732 2183 976 2272 intelligendam
999 2207 1131 2252 necesse
1145 2207 1217 2252 esse

187 2292 337 2376 ostendit,
361 2293 425 2360 vim
440 2315 519 2362 uero
542 2293 681 2361 activam
704 2319 725 2361 a
746 2296 891 2382 potentia
913 2295 1001 2362 nuda
1023 2295 1141 2362 scholis
1164 2317 1219 2362 co·

188 2405 278 2490 gnita
300 2404 437 2488 differre,
461 2406 537 2493 quia
560 2417 670 2474 actum
684 2406 846 2496 quendam
862 2430 919 2474 seu
934 2407 1126 2498 ἐντελέχειαν
1141 2429 1217 2476 oon·

188 2514 290 2580 tineat
317 2524 415 2602 atquc
440 2515 527 2582 iuter
546 2517 734 2585 facultatem
757 2518 875 2607 agendi
897 2519 1214 2606 (spossibilitatemcj
1275 2577 1278 2587 ,

188 2625 414 2713 actionemque
436 2625 539 2715 ipsam
564 2629 813 2710 (arealitatcmr)
837 2627 942 2695 media
964 2629 1015 2713 sit,
1044 2628 1217 2695 nonenim

186 2736 333 2824 indigere
354 2735 493 2818 auxiliis,
516 2736 574 2804 seri
595 2761 654 2826 per
676 2762 711 2805 se
725 2741 827 2824 ipsam
841 2739 875 2805 iu
890 2740 1112 2826 operationem
1127 2737 1216 2806 ferri.

186 2849 285 2916 Haec·
303 2859 411 2915 autum
433 2848 553 2937 agendi
574 2849 678 2916 virtus
698 2851 787 2917 omni
808 2851 1007 2918 substantiae
1029 2850 1114 2917 inest
1136 2870 1218 2914 senr-

187 2981 312 3049 perque
338 2959 447 3048 aliqua
468 2983 510 3026 ex
533 2958 677 3028 coactio
700 2961 853 3044 nuscitur,
883 2961 929 3027 ita
951 2971 987 3026 ut
1009 2981 1122 3026 omnes
1145 2957 1218 3024 sub·

187 3071 326 3138 mutius
353 3070 417 3136 sint
442 3069 529 3136 vires
550 3079 583 3136 et
605 3091 718 3138 omnes
739 3071 825 3138 vires
848 3069 1054 3137 substantiae.
1103 3067 1218 3137 »Unde

133 3181 139 3188 '
188 3178 384 3264 Gurtsar'mi
406 3203 477 3246 oum
497 3183 620 3248 nullum
631 3183 834 3268 primrpiruu
848 3183 990 3248 uotiuum
1003 3180 1219 3247 substantiale

189 3289 403 3377 modificatae
436 3293 472 3358 e'u
500 3313 631 3380 corpore
659 3306 877 3380 cynnamum,
910 3291 1065 3357 actionem
1097 3313 1218 3358 omnem

189 3402 261 3489 a'pd
280 3403 469 3491 abjuds‘cmje
487 3416 517 3468 ct
533 3404 568 3468 iu
582 3403 685 3469 colum
699 3403 804 3469 Deum
817 3401 999 3490 trmuoserre
1014 3416 1089 3470 aunt
1102 3404 1214 3485 monti

189 3515 380 3580 cometam
402 3537 441 3579 en
462 3513 627 3597 moclena,
657 3515 745 3601 quod
762 3514 1022 3602 philosophatum
1040 3535 1103 3580 uon
1136 3525 1213 3578 catu

189 3623 289 3714 (1702
310 3623 399 3713 Maji.
423 3622 588 3692 Gerhardt
609 3627 632 3692 l.
656 3649 684 3693 c.
705 3649 738 3714 p.
756 3627 822 3710 98.)
