2818 4160
601 199 816 266 ..22-

194 370 293 456 igitur
314 353 519 458 incorporale
544 393 640 436 causa
661 381 768 436 motus
797 379 899 438 estet
927 382 1061 459 apparet
1085 373 1119 438 in
1144 395 1229 438 »ear-

196 496 296 547 treure
319 505 485 568 corporum
505 482 696 546 resolutione
717 483 784 547 Dei
802 483 928 548 curtillo
945 500 1053 548 carere
1066 497 1229 548 naturam

193 617 255 678 uon
269 619 375 680 posse.
412 594 538 660 Eodem
559 593 655 662 modo
678 593 818 660 Leihnit.
840 595 874 660 in
897 594 1225 676 considerationibus,

196 729 275 794 quas
308 705 469 793 inscripsit
503 729 578 770 »sur
610 707 640 771 le
672 706 817 793 principe
849 705 889 771 de
920 705 1072 790 vie:«³³)=
1108 705 1225 771 »Oette

195 821 334 884 menime
357 872 364 886 .
389 867 396 883 .
419 819 500 904 qu’e’l
518 819 569 904 νῦν
593 831 614 882 ιι
631 816 789 904 point-de
810 833 1001 884 mouuemeut
1022 819 1151 884 suivant
1175 821 1228 884 les

195 930 297 1016 reples
319 930 538 1016 meclunr’quea
559 954 638 995 nores
660 934 746 994 mene
769 954 812 994 eu
824 931 963 1016 premier
978 944 1129 996 stacteum«
1161 927 1230 1005 Sic,

197 1041 389 1108 Aristotcles
413 1040 620 1123 demonstrat,
644 1042 671 1107 si
694 1033 788 1108 omne
811 1041 898 1130 quod
921 1052 1069 1106 movetur
1100 1042 1140 1106 ab
1163 1041 1221 1105 ali-

172 1175 260 1238 .quo
283 1151 406 1218 moveri
428 1175 559 1218 necessa
587 1152 627 1216 sit
635 1202 643 1234 ,
673 1175 804 1220 movens
834 1151 965 1238 aliquod
992 1153 1132 1238 primum
1159 1162 1221 1234 eet,

197 1262 349 1351 quodab
373 1263 524 1328 alienon
546 1275 728 1344 moveatur,
764 1264 856 1330 aliter
887 1264 921 1332 in
954 1263 1113 1328 infinitum
1146 1285 1220 1350 pro-

198 1375 424 1444 ficisceremur.
455 1400 529 1462 φοσ.
553 1377 682 1462 lupono.
707 1374 747 1454 Q.
771 1376 801 1442 5.
824 1399 855 1462 p.
878 1375 950 1442 256.
975 1378 1003 1440 el
1024 1377 1141 1464 ἀνάγκη
1159 1380 1221 1440 πᾶν

197 1490 232 1553 τὸ
255 1489 431 1574 κινούμενον
453 1487 512 1554 ὑπό
535 1511 616 1560 τινος
637 1485 785 1552 anacteam
807 1534 841 1563 .,
875 1488 992 1574 ἀνάγκη
1016 1511 1042 1551 τι
1069 1487 1145 1551 εἶναι
1179 1511 1220 1550 κι-

199 1603 271 1664 νοῦν
294 1599 311 1664 t
335 1599 391 1689 οὐχ
416 1595 462 1662 ὑπ’
485 1599 579 1662 ἄλλον
602 1604 726 1684 πρῶτον
749 1644 781 1661 ..
809 1597 961 1661 ἀῦῦνιιτον
984 1597 1044 1683 γὰρ
1069 1598 1113 1668 εἷς
1135 1597 1219 1660 ἄπει-

197 1735 257 1797 ρον
281 1711 356 1774 ἰέναι
371 1714 405 1774 τὸ
421 1713 520 1774 κινοῦν
537 1712 585 1774 καὶ
607 1713 641 1774 τὸ
659 1709 835 1793 κινούμενον
860 1709 909 1772 ὑπ’
932 1709 1026 1772 ἄλλον
1049 1708 1133 1772 αὐτό·
1157 1713 1221 1772 τῶν

199 1823 260 1907 γὰρ
277 1821 421 1908 ,ἀπείρων
451 1821 507 1885 οῦκ
528 1820 608 1886 ἔστιν
631 1822 721 1886 οὐδὲν
745 1827 869 1908 πρῶτον
979 1822 1015 1887 cf
1033 1823 1104 1908 περὶ
1126 1821 1217 1907 οὐρο-

200 1933 253 2010 νοῦ
275 1930 307 1994 Γ.
330 1954 360 2016 p.
374 1931 403 1998 2.
427 1955 458 2016 p.
482 1932 602 2024 360.εἲς
624 1931 752 2018 ἄπειρον
776 1933 836 2019 γὰρ
861 1932 936 1996 εἶσιν
973 1933 999 1996 el
1030 1933 1103 2020 μήτι
1132 1931 1219 1996 ἔσται

199 2043 390 2129 κατὰφύσιν
417 2047 515 2108 κινοῦν
537 2048 669 2130 πρῶτον.
699 2046 769 2130 περὶ
792 2067 865 2129 φοσ.
895 2044 941 2108 du.
974 2041 1012 2110 B.
1036 2044 1066 2107 7.
1090 2067 1120 2128 p.
1146 2044 1218 2116 198.

200 2154 255 2220 εἴτι
283 2158 358 2220 κινεῖ
378 2157 422 2244 μὴ
453 2155 629 2242 κινούμενον
651 2156 760 2241 ὥσπερ
784 2155 818 2220 τό
841 2179 875 2218 τε
898 2156 1058 2226 παντελῶς
1079 2154 1229 2242 ἀκίνητον-

200 2271 248 2332 κοὶ
276 2271 310 2333 τὸ
341 2270 464 2332 πάντων
494 2274 627 2355 πρῶτον.
672 2265 728 2333 Sic
757 2267 789 2330 in
822 2266 1040 2353 metaphysica
1068 2267 1095 2330 l.
1120 2265 1218 2346 VIII,

201 2402 228 2445 c.
243 2381 272 2460 8,
297 2381 427 2466 p.1074
448 2401 475 2443 a.
492 2380 631 2465 primum
646 2401 779 2442 movens
799 2377 962 2442 immobile
985 2399 1041 2442 ens
1065 2386 1114 2442 est
1137 2382 1218 2462 πρῶ·

204 2513 255 2553 τον
278 2493 378 2552 κινοῦν
399 2489 538 2576 ἀκίνητον
561 2488 604 2552 ῦν.

288 2599 450 2664 Leibnitio
473 2623 572 2686 quum
595 2599 640 2666 ita
654 2623 695 2666 ex
711 2601 780 2666 solo
796 2600 951 2666 materiali
968 2602 1115 2689 principe
1132 2609 1217 2684 (con-

202 2711 299 2778 fessio
321 2733 353 2797 p.
376 2712 431 2790 46)
462 2713 663 2780 harmoniam
685 2725 819 2779 naturae
846 2714 946 2778 fluere
980 2737 1045 2780 non
1078 2714 1218 2799 potuisse

204 2832 289 2890 esset
315 2842 506 2910 persuasum
534 2823 693 2910 hujusque
720 2823 767 2889 rei
794 2823 1001 2889 Aristotelem
1030 2823 1162 2887 haberet
1188 2831 1220 2888 et

201 2941 476 3020 propugnatorem
508 2943 538 2998 et
569 2933 798 3014 excitatorem,
827 2932 964 3021 epistula
992 2932 1034 2997 ad
1060 2930 1217 2997 Jacobum

202 3027 410 3111 Thomasium
439 3044 521 3112 1669
554 3044 674 3132 scripta
704 3045 821 3110 iterum
854 3045 1034 3130 iterumque
1069 3040 1220 3122 declarat,

204 3156 457 3243 »philosophiam
488 3155 698 3241 reformatam
736 3157 922 3224 conciliari«
958 3160 1003 3241 (p.
1028 3154 1070 3218 49
1096 3152 1218 3237 Erdm.)

202 3266 425 3334 Aristotelicae
455 3279 485 3334 at
507 3291 604 3354 posse
634 3281 663 3333 et
693 3267 812 3333 debere.
855 3263 978 3332 Eadem
1009 3263 1147 3352 epistula
1168 3288 1218 3330 eos

203 3377 260 3465 qui
272 3377 480 3444 Aristotelem
502 3379 649 3465 rejIcIent
671 3378 767 3444 valde
789 3379 950 3464 vituperat
964 3387 1155 3466 tantumque
1170 3378 1218 3442 ah

204 3495 263 3572 est,
286 3500 323 3555 ut
345 3489 566 3577 philosophiae
589 3490 796 3556 Oartcsianae
811 3500 889 3554 tunc
903 3489 1058 3577 temporis
1078 3489 1218 3555 omnibus

204 3633 406 3645 -u———Q

274 3709 309 3776 ιι)
327 3707 402 3760 ιιι,
422 3707 494 3763 nos.
513 3703 582 3771 apua
598 3702 658 3756 m
675 3719 700 3768 ι.
718 3701 770 3756 no
782 3701 812 3764 ν.
826 3673 848 3764 .’
