2818 4160
660 198 873 266 ..34-

250 378 334 435 tunc
360 369 489 434 Revera
508 367 571 434 hoc
587 377 723 434 testatur
735 368 954 456 fragmentum
966 369 1046 436 illud
1057 392 1099 436 ex
1113 372 1200 458 quo
1217 367 1315 458 quod

252 478 415 546 adfinem
437 489 584 545 nostrum
607 480 789 562 afferemus,
818 479 914 546 simul
942 480 1062 568 scripta
1090 479 1315 569 posterioris

252 591 493 657 considerantes
517 590 680 678 temporis.
712 590 770 657 ,J
772 589 880 656 ustitia
901 603 951 658 est
972 591 1100 658 habitus
1122 594 1219 676 (seu
1248 603 1313 658 sta·

251 711 304 768 tus
327 701 549 782 confirmatus)
574 700 635 767 viri
649 701 784 782 bouill)
813 703 969 770 Habitum
986 703 1116 790 quidem
1133 704 1217 779 ἕξιν
1238 727 1312 770 esse

252 812 504 890 Aristotelicum,
528 835 627 900 supra
649 813 857 880 ostendimus.
902 815 1006 880 Recte
1027 824 1139 880 autem
1168 816 1310 880 Aristo·

252 922 373 1012 telique
406 924 635 992 convenienter
664 925 839 1011 justitiam,
875 947 957 1016 quae
985 924 1018 991 in
1045 926 1112 991 vita
1134 935 1309 992 versatur

255 1033 448 1124 singulaque
477 1036 724 1102 innumerabilia
757 1037 904 1124 respicit,
933 1037 974 1102 ad
1008 1036 1187 1103 arbitrium
1223 1035 1307 1102 boni

254 1147 315 1212 viri
342 1146 479 1229 remisit,
514 1147 797 1236 quemadmodum,
820 1149 874 1232 {uti
902 1146 1008 1229 addit,
1036 1147 1246 1214 Aristoteles
1270 1146 1303 1210 in

257 1257 370 1323 ethicis
399 1257 507 1324 omnia
537 1257 671 1346 singulis
703 1279 769 1324 uon
800 1257 1104 1346 comprehendenda
1130 1257 1178 1324 ad
1215 1256 1303 1324 arbi·

255 1369 353 1434 trium
386 1367 555 1457 prudentis
588 1371 635 1440 ὡς
667 1370 705 1434 ἂν
734 1370 929 1458 copiaque<
957 1371 1103 1456 ὀρίσειεν,
1135 1369 1172 1435 id
1208 1366 1301 1458 quod
1346 1343 1347 1432 l

256 1489 382 1570 spectat
405 1479 446 1545 ed
469 1480 531 1551 eth.
555 1479 617 1545 nic.
640 1481 686 1564 H,
709 1483 729 1548 6
753 1505 817 1568 quo
834 1481 908 1547 loco
924 1481 1116 1548 Aristoteles
1133 1482 1299 1548 virtutem

258 1591 414 1658 definiens
437 1589 695 1658 mediocritatem
718 1598 904 1681 (usoorqra)
928 1615 947 1656 a
968 1590 1120 1679 prudenti
1147 1588 1298 1676 judicari
1346 1537 1347 1628 l

137 1788 141 1795 Ι
259 1703 403 1790 exponit.
448 1704 486 1768 In
509 1703 547 1768 iis
571 1725 653 1791 quae
677 1713 872 1790 sequuntur,
904 1725 1003 1790 quum
1029 1702 1194 1789 justitiam
1226 1721 1296 1768 esse

260 1821 380 1881 statum
404 1813 629 1880 confirmatum
653 1815 741 1899 (ἕξιν)
757 1813 817 1880 viri
832 1814 909 1880 boni
925 1813 1112 1895 ostenderit,
1133 1815 1182 1880 ite
1199 1823 1239 1880 ut
1254 1810 1295 1876 al·
1346 1841 1347 1846 ¹

261 1932 331 1990 tera
354 1924 446 2012 quusi
464 1935 581 1992 natura
603 1924 644 1991 sit
666 1935 699 1991 et
715 1925 824 2012 justus
848 1924 940 1992 aliter
963 1947 1058 2010 agere
1074 1934 1228 2012 nequeat,
1252 1919 1292 1988 ad

260 2033 446 2102 Aristotelis
469 2035 609 2124 logicam
629 2060 689 2103 nos
705 2037 848 2106 remittit.
877 2037 991 2124 Ipsum
1006 2059 1084 2104 vero
1100 2035 1291 2106 audiamus:

264 2146 347 2212 »Jua
376 2160 422 2214 est
440 2149 607 2244 potentia,
638 2149 792 2236 obligatio
822 2163 869 2214 est
894 2149 1067 2214 necessitas
1095 2149 1167 2213 ciri
1187 2145 1289 2213 bont«

264 2258 448 2345 »Injueturu
470 2273 517 2324 ast
531 2259 618 2346 quod
631 2259 809 2326 absurdum
825 2274 881 2342 ost,
904 2259 990 2344 quod
1008 2258 1292 2326 contradictionem

265 2369 415 2456 implicat
428 2370 515 2455 fieri
533 2393 555 2434 a
575 2371 645 2435 viro
670 2370 774 2438 bonor
810 2369 861 2438 Of.
877 2368 919 2436 ad
935 2369 1116 2438 Arnsldum
1132 2370 1197 2450 (ed.
1210 2368 1290 2436 Gro-

264 2477 384 2544 telend.
408 2502 439 2566 p.
461 2479 535 2564 143)
563 2479 703 2563 ,licitum
734 2480 776 2547 sit
803 2482 892 2568 quod
921 2481 991 2546 viro
1021 2481 1109 2547 bono
1139 2478 1289 2571 possibile

263 2597 328 2670 est,
365 2586 510 2655 debitum
540 2591 594 2676 sit,
631 2592 718 2680 quod
747 2593 817 2661 viro
845 2594 932 2660 bono
959 2593 1180 2662 necessarium
1213 2601 1286 2659 est«
1346 2623 1347 2626 ¹

266 2696 411 2785 Logicae
433 2710 542 2767 antem
564 2703 705 2770 modalis
726 2705 926 2772 necessitatis
948 2715 981 2772 et
996 2705 1235 2794 contingentiae
1249 2700 1285 2768 ab
1346 2699 1347 2784 l

264 2807 440 2877 Aristotele
463 2811 685 2883 demonstrata
706 2817 860 2884 transfert
882 2817 923 2899 ud
941 2818 995 2905 jus
1004 2818 1043 2898 ⁵⁸)

304 2963 307 2970 =
365 2921 518 3009 possibile
541 2933 591 2991 est
613 2926 767 3015 quicquid
788 2939 894 3016 potest

1143 3090 1219 3158 fieri.

367 3030 565 3120 impossibile
588 3045 638 3102 est
661 3037 814 3126 quicquid
836 3062 903 3107 non
925 3049 1032 3129 potest
1106 2933 1119 3033 1

368 3142 586 3210 necessarium
597 3155 647 3212 est
659 3146 813 3236 quicquid
827 3172 894 3217 non
904 3160 1013 3238 potest
1023 3171 1089 3217 non
1107 3039 1128 3346 1

292 3299 293 3304 1
368 3256 555 3342 contingens
579 3269 629 3325 est
650 3260 803 3350 quicquid
824 3273 930 3352 potest
945 3286 1011 3332 non
1345 3269 1347 3406 p

268 3377 321 3442 Ad
350 3376 531 3443 Aristotelis
560 3387 685 3464 spectat
713 3400 784 3464 περι
814 3378 924 3464 ἑρμην.
957 3398 984 3441 c.
1009 3374 1066 3458 13,
1090 3396 1120 3461 p.
1136 3372 1178 3438 22
1206 3359 1282 3458 quod
1346 3409 1347 3416 ἶ

335 3639 360 3680 ὖ7
379 3640 435 3692 eod,
454 3659 480 3708 p.
499 3641 558 3696 265.

337 3723 375 3790 ὅθ)
393 3724 424 3778 cf.
444 3723 658 3790 Trandalonburg,
677 3720 719 3783 ,ln
739 3717 786 3772 B.“
805 3718 837 3771 11.
856 3735 882 3785 p.
901 3719 959 3775 266.
