2818 4160
597 123 810 190 ..28-

197 293 274 384 quie
294 293 485 360 Aristoteles
513 291 644 360 definiet
669 303 817 360 naturam
838 291 1033 382 principium
1055 302 1160 358 motus
1188 303 1233 360 et

198 405 313 495 quietis
341 441 383 454 -
412 405 455 474 cf.
483 405 618 472 Aristot.
648 404 812 492 physon„
840 407 855 468 1
879 428 911 492 p.
933 404 994 470 192
1023 406 1061 470 τὰ
1080 405 1138 490 μὲν
1160 403 1238 490 γὰρ

198 519 290 606 φύσει
311 517 386 583 ὄντα
409 520 509 582 πάντα
532 517 672 603 φαίνεται
695 516 804 608 ἔχοντα
826 517 860 583 ἐν
881 521 1006 589 ἑαυτοῖς
1026 518 1125 606 ἀρχὴν
1139 516 1231 602 κινῆ-

199 653 283 701 oenc
305 631 353 694 καὶ
375 631 520 700 στάσεως
540 629 578 694 τὰ
597 629 655 714 μὲν
678 631 755 694 κατὰ
777 629 881 708 τύπον,
905 631 943 695 τὰ
957 629 994 694 δὲ
1008 629 1074 694 κατ’
1090 625 1230 715 αὔξησιν

200 743 249 806 καὶ
271 738 377 828 φύίσιν
399 741 437 806 τὰ
458 739 495 804 δὲ
517 739 580 805 κατ’
603 741 766 805 ἀλλοίωσιν
781 779 822 792 -
842 751 875 808 et
889 741 1027 806 formem
1042 737 1233 804 materiem-

200 875 262 940 que
291 861 386 917 vocet
411 860 576 916 naturum:
604 851 695 938 phys.
718 851 774 934 11.‚
799 853 815 916 1
844 875 875 938 p.
894 851 988 918 193u
1015 851 1069 915 ἕνα
1089 850 1147 936 μὲν
1170 851 1233 914 οῦν

200 963 317 1049 τρόπον
345 961 447 1032 ούτιος
474 963 494 1050 ὴ
517 963 611 1048 φύσις
637 963 758 1046 λέγεται
787 965 939 1052 ἡπρώτη
962 964 1085 1048 ἑκάστῳ
1108 961 1232 1026 ὑποτει·

197 1073 277 1162 μένη
300 1073 369 1161 ὕλη,
391 1077 454 1138 τῶν
469 1071 603 1162 ἐχόντων
625 1074 659 1138 ἐν
681 1075 787 1145 ούτοῖς
808 1074 907 1163 ἀρχὴν
929 1077 1081 1163 κινήσεως
1102 1074 1150 1136 καὶ
1171 1095 1231 1157 με·

201 1184 349 1272 ταβολῆς,
372 1182 463 1248 ἄλλον
486 1183 523 1248 δὲ
545 1184 660 1270 τρόπον
682 1186 702 1273 ἦ
723 1186 834 1273 μορφὴ
858 1186 906 1248 καὶ
930 1187 965 1248 τὸ
989 1183 1074 1256 εἶδος
1095 1185 1129 1248 τὸ
1150 1183 1232 1248 κατὰ
1278 1217 1281 1225 ‚

201 1297 254 1360 τὸν
276 1295 367 1378 λόγον
388 1333 432 1344 -
453 1295 589 1360 formum
617 1304 722 1360 eutem
745 1295 848 1382 megis
872 1315 970 1384 quum
992 1294 1160 1360 materiam
1184 1331 1227 1344 -

201 1407 241 1474 cl.
263 1429 295 1493 p.
313 1407 410 1474 1931).
431 1404 502 1472 eod.
526 1407 710 1490 καὶμᾶλλον
734 1405 814 1494 αύτη
838 1407 932 1492 φύσις
952 1411 1009 1496 τῆς
1036 1405 1127 1494 ύλης,
1158 1403 1229 1470 ἕνα·

202 1543 276 1585 στον
305 1520 366 1606 γὰρ
395 1519 465 1584 τότε
486 1517 608 1602 λέγεται
630 1520 705 1584 ύταν
732 1517 907 1608 ἐντελεχείᾳ
929 1515 951 1607 ᾖ
970 1519 1087 1605 μᾶλλον
1109 1517 1129 1607 ἢ
1152 1519 1229 1582 ὅταν

202 1631 333 1714 ὃονάρει
358 1667 399 1678 --
427 1630 502 1694 hinc
531 1629 652 1694 idcireo
683 1626 771 1715 quod
798 1629 979 1694 scholastici
1007 1629 1106 1696 velint
1137 1627 1229 1716 sequi

202 1743 338 1806 formem
372 1762 443 1806 esse
473 1738 635 1828 quoddam
665 1739 868 1826 incorporale
895 1740 1026 1806 brutum
1054 1749 1163 1805 temen
1193 1738 1229 1802 iu
1306 1751 1310 1759 “

204 1849 393 1938 corporibus
423 1851 468 1938 (p.
490 1850 593 1937 522).
643 1849 797 1916 Formam
831 1847 959 1939 quidem
993 1873 1063 1918 esse
1096 1872 1226 1916 causam

203 1961 461 2050 principiumque
490 1971 611 2045 motus,
642 1960 698 2028 sed
728 1985 793 2028 non
821 1962 976 2050 primum,
1005 1983 1110 2049 neque
1141 1961 1225 2027 enim

205 2095 322 2160 eorpus
363 2073 485 2139 moveri
521 2073 582 2139 nisi
615 2073 817 2140 extrinsecus
852 2084 1035 2156 moveatur,
1068 2081 1106 2137 ut
1138 2082 1222 2138 recto

204 2185 396 2251 Aristoteles
420 2185 516 2252 dicet.
539 2223 581 2234 --
605 2183 654 2252 Of.
677 2185 1066 2272 phys.V11.,1p.242a
1088 2185 1224 2272 φανερὸν

205 2296 245 2384 δὴ
273 2297 320 2360 ύτι
347 2301 406 2360 πᾶν
435 2298 470 2360 τὸ
500 2296 677 2381 κινούμενον
705 2295 764 2359 ύπύ
793 2319 875 2366 τινος
896 2298 1034 2374 κινεῖται,
1066 2315 1224 2383 quumque

206 2415 300 2470 extre
326 2427 443 2492 corpus
473 2405 552 2469 nihil
580 2405 620 2470 sit
650 2404 824 2492 cogitabile
854 2415 1061 2492 praeterens
1085 2405 1223 2491 cogitans

206 2513 344 2602 (epistul.
362 2515 420 2599 lV)
456 2537 512 2580 seu
542 2525 699 2599 mentem,
729 2515 871 2603 primum
898 2515 1094 2604 principium
1122 2526 1223 2580 motus

207 2647 277 2692 esse
299 2626 435 2714 primum
452 2638 484 2694 et
498 2627 626 2694 realiter
643 2651 663 2694 a
678 2629 812 2695 materie
826 2630 1024 2695 abstractum
1039 2627 1222 2710 formam,⁴⁸)

137 2740 140 2744 ’
207 2759 289 2825 quae
318 2737 412 2803 simul
440 2739 481 2804 sit
509 2738 661 2820 efficiens,
669 2741 708 2820 ⁴⁴)
742 2761 857 2828 nempe
884 2749 1024 2807 mentem
1046 2739 1152 2828 (epist.
1169 2737 1220 2822 1.);

206 2849 366 2937 hujusque
388 2849 587 2937 argumentis
611 2851 705 2918 scalis
719 2850 930 2917 Aristotelem
951 2850 994 2915 ad
1009 2849 1148 2938 primum
1163 2871 1222 2914 mo·

276 3040 315 3104 ⁴³)
332 3040 460 3106 metaphy.
473 3038 531 3102 XII,
545 3041 560 3094 6
578 3037 659 3092 forms
669 3039 750 3107 prims
761 3047 819 3094 ente
831 3059 872 3092 res
885 3047 1011 3092 concretes
1024 3056 1066 3090 ees
1077 3039 1221 3093 constituens

209 3128 275 3178 cu'rot
292 3125 395 3177 materie
406 3123 438 3176 τὸ
451 3123 478 3176 τί
487 3121 520 3193 ἦν
533 3121 603 3176 εἶναι
615 3123 720 3196 (πρώτη
731 3123 810 3178 οὐσία
828 3133 886 3180 met.
899 3127 955 3178 VII.
973 3127 1009 3191 ἵ.)
1027 3123 1076 3177 ούιι
1094 3121 1152 3194 ἔχει
1164 3121 1220 3194 ύλην

207 3211 239 3264 τὸ
263 3215 383 3280 πρῶτον·
407 3207 563 3281 ἐντελέχεια
584 3208 639 3280 γὰρ
664 3212 695 3266 of.
718 3220 777 3268 met.
795 3211 850 3266 Vll.
867 3213 892 3264 7.
910 3208 982 3279 λέγω
1001 3209 1032 3260 δὲ
1051 3208 1145 3261 οὐσίαν
1162 3203 1221 3261 iuro

209 3295 277 3368 ὕλης
293 3296 324 3350 τὸ
343 3295 372 3348 τί
384 3295 417 3367 ἦν
437 3298 514 3350 εῖναι.

276 3382 315 3446 ⁴4)
333 3381 426 3450 quippe
444 3399 519 3435 ceusu
535 3382 647 3435 formalis
660 3383 716 3451 ipss
733 3384 766 3436 sit
777 3383 926 3450 prinoipium
937 3381 1053 3434 motionis
1071 3382 1146 3449 phys.
1158 3381 1219 3446 11‚7.

209 3465 321 3538 ἔρχεται
339 3466 417 3520 δὲτὰ
435 3468 512 3537 τρία
530 3469 572 3528 εἰς
589 3467 623 3520 ἓν
643 3467 771 3527 πολλάκις
787 3467 818 3521 τὸ
830 3465 881 3531 μὲν
900 3465 954 3534 γὰρ
972 3465 1000 3519 τί
1015 3463 1135 3518 ἐστικαὶ
1153 3463 1181 3517 τὸ
1192 3461 1220 3517 ού

91 3575 92 3578 “
209 3552 290 3606 ἕνεκα
305 3552 335 3606 ἓν
355 3551 422 3617 ἔστι,
441 3553 472 3606 τὸ
491 3554 560 3606 ύύεν
578 3555 596 3624 ἡ
613 3553 717 3626 κίνησις
734 3555 822 3618 (oense
838 3538 960 3619 efficiem)
979 3553 1089 3620 πρῶτον
1107 3555 1149 3621 τῳ
1163 3546 1220 3602 εἴδει

209 3637 293 3692 ταύτὸ
311 3637 427 3699 τούτοις.
1057 3651 1060 3660 ’
1101 3649 1103 3656 “
1146 3645 1164 3658 '¹
1199 3638 1201 3647 ’
